symbol,series,date,time,tno,p,vol,bno,sno
XXX,EQ,3-Apr-06,9:56:07,200604030002793.00,2968,100,200604030016581.00,200604030009919.00
XXX,EQ,3-Apr-06,9:56:09,200604030003159.00,2940,1,200604030014746.00,200604030016960.00
XXX,EQ,3-Apr-06,9:56:15,200604030003682.00,2941,1,200604030012678.00,200604036682850.00
XXX,EQ,3-Apr-06,9:56:28,200604030005178.00,2968,50,200604030018686.00,200604033351402.00
XXX,EQ,3-Apr-06,9:56:31,200604030005576.00,2942,1,200604030018211.00,200604030020659.00
XXX,EQ,3-Apr-06,9:56:35,200604030006069.00,2950,1,200604036686879.00,200604033351402.00
XXX,EQ,3-Apr-06,9:56:37,200604030006316.00,2950,20,200604030021512.00,200604033351402.00
XXX,EQ,3-Apr-06,9:56:38,200604030006429.00,2950,95,200604030021655.00,200604033351402.00
XXX,EQ,3-Apr-06,9:56:39,200604030006543.00,2950,1,200604030021655.00,200604036687794.00
XXX,EQ,3-Apr-06,9:56:41,200604030006720.00,2950,5,200604030021655.00,200604033353797.00
XXX,EQ,3-Apr-06,9:56:42,200604030006782.00,2950,25,200604030021655.00,200604036688178.00
XXX,EQ,3-Apr-06,9:56:48,200604030007499.00,2950.05,1,200604033354525.00,200604030023006.00
XXX,EQ,3-Apr-06,9:56:53,200604030007928.00,2950.05,25,200604033354525.00,200604030023787.00
XXX,EQ,3-Apr-06,9:57:08,200604030009398.00,2960,5,200604033358092.00,200604033354053.00
XXX,EQ,3-Apr-06,9:57:11,200604030009738.00,2960,10,200604030026531.00,200604033354053.00
XXX,EQ,3-Apr-06,9:57:11,200604030009742.00,2950.25,10,200604030023856.00,200604036693352.00
XXX,EQ,3-Apr-06,9:57:12,200604030009887.00,2960,15,200604030018090.00,200604033354053.00
XXX,EQ,3-Apr-06,9:57:12,200604030009888.00,2960,1,200604030018090.00,200604030024625.00
XXX,EQ,3-Apr-06,9:57:17,200604030010347.00,2960,84,200604030018090.00,200604030027277.00
XXX,EQ,3-Apr-06,9:57:17,200604030010348.00,2960,25,200604030027271.00,200604030027277.00
XXX,EQ,3-Apr-06,9:57:17,200604030010349.00,2950.25,41,200604030023856.00,200604030027277.00
XXX,EQ,3-Apr-06,9:57:17,200604030010350.00,2950.05,24,200604033354525.00,200604030027277.00
XXX,EQ,3-Apr-06,9:57:17,200604030010351.00,2950,10,200604030022262.00,200604030027277.00
XXX,EQ,3-Apr-06,9:57:17,200604030010352.00,2950,3,200604033355098.00,200604030027277.00
XXX,EQ,3-Apr-06,9:57:17,200604030010353.00,2950,1,200604030025242.00,200604030027277.00
XXX,EQ,3-Apr-06,9:57:17,200604030010378.00,2949,112,200604036679147.00,200604030027277.00
XXX,EQ,3-Apr-06,9:57:21,200604030010881.00,2968.5,1,200604036695172.00,200604036689134.00
XXX,EQ,3-Apr-06,9:57:27,200604030011419.00,2960,2,200604036694420.00,200604036696158.00
XXX,EQ,3-Apr-06,9:57:27,200604030011420.00,2960,48,200604033359960.00,200604036696158.00
XXX,EQ,3-Apr-06,9:57:30,200604030011659.00,2960,52,200604033359960.00,200604036696617.00
XXX,EQ,3-Apr-06,9:57:30,200604030011660.00,2960,25,200604036694937.00,200604036696617.00
XXX,EQ,3-Apr-06,9:57:30,200604030011661.00,2960,5,200604030028059.00,200604036696617.00
XXX,EQ,3-Apr-06,9:57:30,200604030011662.00,2960,25,200604030028320.00,200604036696617.00
XXX,EQ,3-Apr-06,9:57:30,200604030011663.00,2960,225,200604036694937.00,200604036696617.00
XXX,EQ,3-Apr-06,9:57:40,200604030012769.00,2960,5,200604033363092.00,200604036696617.00
XXX,EQ,3-Apr-06,9:57:44,200604030013237.00,2960,1,200604033363653.00,200604036696617.00
XXX,EQ,3-Apr-06,9:57:44,200604030013352.00,2960,34,200604030031122.00,200604036696617.00
XXX,EQ,3-Apr-06,9:57:44,200604030013358.00,2960,1,200604030031128.00,200604036696617.00
XXX,EQ,3-Apr-06,9:57:52,200604030014253.00,2960,10,200604036700594.00,200604036696617.00
XXX,EQ,3-Apr-06,9:57:59,200604030015030.00,2955,1,200604033361941.00,200604036701975.00
XXX,EQ,3-Apr-06,9:57:59,200604030015031.00,2955,8,200604036697691.00,200604036701975.00
XXX,EQ,3-Apr-06,9:58:03,200604030015450.00,2959.95,200,200604030033591.00,200604036702110.00
XXX,EQ,3-Apr-06,9:58:03,200604030015451.00,2960,17,200604030033591.00,200604036696617.00
XXX,EQ,3-Apr-06,9:58:03,200604030015452.00,2960,400,200604030033591.00,200604030030356.00
XXX,EQ,3-Apr-06,9:58:03,200604030015453.00,2968.5,4,200604030033591.00,200604036689134.00
XXX,EQ,3-Apr-06,9:58:03,200604030015511.00,2969,200,200604030033591.00,200604036702789.00
XXX,EQ,3-Apr-06,9:58:07,200604030015940.00,2969,400,200604030033591.00,200604036703528.00
XXX,EQ,3-Apr-06,9:58:09,200604030016117.00,2969,1,200604030033591.00,200604033367327.00
XXX,EQ,3-Apr-06,9:58:10,200604030016145.00,2970,1,200604033367395.00,200604030018426.00
XXX,EQ,3-Apr-06,9:58:10,200604030016146.00,2970,1,200604033367395.00,200604033359352.00
XXX,EQ,3-Apr-06,9:58:10,200604030016147.00,2970.55,8,200604033367395.00,200604033350231.00
XXX,EQ,3-Apr-06,9:58:15,200604030016554.00,2970,1,200604033367822.00,200604033368146.00
XXX,EQ,3-Apr-06,9:58:15,200604030016581.00,2969,200,200604030033591.00,200604036705106.00
XXX,EQ,3-Apr-06,9:58:21,200604030017111.00,2969,78,200604030033591.00,200604036706296.00
XXX,EQ,3-Apr-06,9:58:26,200604030017502.00,2968.5,20,200604030036805.00,200604030036911.00
XXX,EQ,3-Apr-06,9:58:28,200604030017650.00,2968.5,30,200604030036805.00,200604030037192.00
XXX,EQ,3-Apr-06,9:58:28,200604030017651.00,2960,25,200604030034073.00,200604030037192.00
XXX,EQ,3-Apr-06,9:58:28,200604030017652.00,2960,15,200604033366978.00,200604030037192.00
XXX,EQ,3-Apr-06,9:58:28,200604030017653.00,2960,5,200604033361150.00,200604030037192.00
XXX,EQ,3-Apr-06,9:58:28,200604030017654.00,2955,42,200604036697691.00,200604030037192.00
XXX,EQ,3-Apr-06,9:58:29,200604030017709.00,2955,1,200604030037288.00,200604030037192.00
XXX,EQ,3-Apr-06,9:58:35,200604030018460.00,2955,78,200604036709058.00,200604030037192.00
XXX,EQ,3-Apr-06,9:58:36,200604030018608.00,2955,1,200604030038271.00,200604030037192.00
XXX,EQ,3-Apr-06,9:58:44,200604030019485.00,2955,3,200604033372650.00,200604030037192.00
XXX,EQ,3-Apr-06,9:58:46,200604030019607.00,2965,1,200604033372650.00,200604030039705.00
XXX,EQ,3-Apr-06,9:58:46,200604030019654.00,2965,1,200604033372650.00,200604030039769.00
XXX,EQ,3-Apr-06,9:58:47,200604030019686.00,2965,1,200604033372650.00,200604030039807.00
XXX,EQ,3-Apr-06,9:58:49,200604030019873.00,2965,1,200604033372650.00,200604030040064.00
XXX,EQ,3-Apr-06,9:58:50,200604030019946.00,2965,93,200604033372650.00,200604030040203.00
XXX,EQ,3-Apr-06,9:58:57,200604030020505.00,2960,1,200604030041234.00,200604030040234.00
XXX,EQ,3-Apr-06,9:59:02,200604030021016.00,2960,1,200604033375217.00,200604036714022.00
XXX,EQ,3-Apr-06,9:59:08,200604030021642.00,2960,19,200604036715875.00,200604036714022.00
XXX,EQ,3-Apr-06,9:59:08,200604030021653.00,2960,1,200604036715875.00,200604030042619.00
XXX,EQ,3-Apr-06,9:59:13,200604030022139.00,2960,1,200604036715875.00,200604030043281.00
XXX,EQ,3-Apr-06,9:59:16,200604030022409.00,2960,1,200604036715875.00,200604030043714.00
XXX,EQ,3-Apr-06,9:59:18,200604030022537.00,2960,5,200604036715875.00,200604033377413.00
XXX,EQ,3-Apr-06,9:59:25,200604030023211.00,2965,1,200604030044880.00,200604033374987.00
XXX,EQ,3-Apr-06,9:59:25,200604030023212.00,2965,25,200604030044880.00,200604036718139.00
XXX,EQ,3-Apr-06,9:59:31,200604030023799.00,2965,74,200604030044880.00,200604033379483.00
XXX,EQ,3-Apr-06,9:59:31,200604030023800.00,2965,20,200604030044986.00,200604033379483.00
XXX,EQ,3-Apr-06,9:59:31,200604030023801.00,2965,10,200604030044535.00,200604033379483.00
XXX,EQ,3-Apr-06,9:59:37,200604030024478.00,2964,20,200604036720709.00,200604033379483.00
XXX,EQ,3-Apr-06,9:59:37,200604030024479.00,2964,105,200604036720709.00,200604030046039.00
XXX,EQ,3-Apr-06,9:59:37,200604030024480.00,2964,375,200604036720709.00,200604033379483.00
XXX,EQ,3-Apr-06,9:59:38,200604030024569.00,2960,1,200604036715875.00,200604030046299.00
XXX,EQ,3-Apr-06,9:59:38,200604030024848.00,2960,10,200604036715875.00,200604036721358.00
XXX,EQ,3-Apr-06,9:59:40,200604030025087.00,2964,1,200604030046887.00,200604033379483.00
XXX,EQ,3-Apr-06,9:59:40,200604030025088.00,2964.9,99,200604030046887.00,200604030042046.00
XXX,EQ,3-Apr-06,9:59:50,200604030026050.00,2964.9,66,200604030048206.00,200604030042046.00
XXX,EQ,3-Apr-06,9:59:54,200604030026409.00,2964.9,35,200604030047658.00,200604030042046.00
XXX,EQ,3-Apr-06,9:59:54,200604030026410.00,2965,1,200604030047658.00,200604033381837.00
XXX,EQ,3-Apr-06,9:59:59,200604030026954.00,2968.9,200,200604036724833.00,200604030036362.00
XXX,EQ,3-Apr-06,9:59:59,200604030026955.00,2970,1,200604036724833.00,200604030037073.00
XXX,EQ,3-Apr-06,9:59:59,200604030026956.00,2970,1,200604036724833.00,200604030040646.00
XXX,EQ,3-Apr-06,9:59:59,200604030026957.00,2970,1,200604036724833.00,200604033375221.00
XXX,EQ,3-Apr-06,9:59:59,200604030026958.00,2970,1,200604036724833.00,200604030042360.00
XXX,EQ,3-Apr-06,9:59:59,200604030026959.00,2970,30,200604036724833.00,200604036719723.00
XXX,EQ,3-Apr-06,9:59:59,200604030026960.00,2970,5,200604036724833.00,200604033379809.00
XXX,EQ,3-Apr-06,9:59:59,200604030026961.00,2970.55,40,200604036724833.00,200604033350231.00
XXX,EQ,3-Apr-06,10:00:06,200604030027932.00,2970,1,200604030050097.00,200604030050305.00
XXX,EQ,3-Apr-06,10:00:18,200604030028948.00,2965,1,200604033383051.00,200604033385874.00
XXX,EQ,3-Apr-06,10:00:18,200604030028949.00,2962,4,200604030049071.00,200604033385874.00
XXX,EQ,3-Apr-06,10:00:24,200604030029498.00,2965,1,200604030052261.00,200604033386797.00
XXX,EQ,3-Apr-06,10:00:32,200604030030138.00,2969,35,200604036730314.00,200604030050305.00
XXX,EQ,3-Apr-06,10:00:32,200604030030139.00,2970,15,200604036730314.00,200604036726236.00
XXX,EQ,3-Apr-06,10:00:32,200604030030140.00,2970,1,200604036730314.00,200604030050816.00
XXX,EQ,3-Apr-06,10:00:32,200604030030141.00,2970,1,200604036730314.00,200604030051188.00
XXX,EQ,3-Apr-06,10:00:34,200604030030343.00,2970,98,200604036730314.00,200604036730650.00
XXX,EQ,3-Apr-06,10:00:34,200604030030344.00,2970,14,200604030052261.00,200604036730650.00
XXX,EQ,3-Apr-06,10:00:37,200604030030682.00,2970,35,200604030052261.00,200604030054215.00
XXX,EQ,3-Apr-06,10:00:37,200604030030683.00,2970,150,200604036730314.00,200604030054215.00
XXX,EQ,3-Apr-06,10:00:37,200604030030684.00,2970,15,200604036730851.00,200604030054215.00
XXX,EQ,3-Apr-06,10:00:45,200604030031234.00,2970,10,200604036730851.00,200604033389653.00
XXX,EQ,3-Apr-06,10:00:45,200604030031271.00,2970,5,200604036730851.00,200604036732393.00
XXX,EQ,3-Apr-06,10:00:45,200604030031272.00,2970,20,200604036730314.00,200604036732393.00
XXX,EQ,3-Apr-06,10:00:49,200604030031604.00,2970,130,200604036730314.00,200604030055600.00
XXX,EQ,3-Apr-06,10:00:49,200604030031605.00,2970,1,200604030054671.00,200604030055600.00
XXX,EQ,3-Apr-06,10:00:49,200604030031606.00,2970,69,200604036730314.00,200604030055600.00
XXX,EQ,3-Apr-06,10:00:53,200604030032061.00,2970.55,5,200604033390822.00,200604033350231.00
XXX,EQ,3-Apr-06,10:00:54,200604030032190.00,2970,50,200604036730314.00,200604036733800.00
XXX,EQ,3-Apr-06,10:01:00,200604030032680.00,2970,15,200604036730314.00,200604033391793.00
XXX,EQ,3-Apr-06,10:01:02,200604030032853.00,2970,10,200604036730314.00,200604030057141.00
XXX,EQ,3-Apr-06,10:01:11,200604030033755.00,2970,3,200604036730314.00,200604030058195.00
XXX,EQ,3-Apr-06,10:01:18,200604030034281.00,2970,3,200604036730314.00,200604036737466.00
XXX,EQ,3-Apr-06,10:01:18,200604030034282.00,2970,1,200604030056799.00,200604036737466.00
XXX,EQ,3-Apr-06,10:01:18,200604030034283.00,2970,1,200604033394174.00,200604036737466.00
XXX,EQ,3-Apr-06,10:01:18,200604030034290.00,2970,3,200604036730314.00,200604033394200.00
XXX,EQ,3-Apr-06,10:01:18,200604030034383.00,2970.55,10,200604033379761.00,200604033350231.00
XXX,EQ,3-Apr-06,10:01:20,200604030034518.00,2970,86,200604036730314.00,200604036737885.00
XXX,EQ,3-Apr-06,10:01:24,200604030034954.00,2970,1,200604036730314.00,200604036738515.00
XXX,EQ,3-Apr-06,10:01:25,200604030034990.00,2970.55,1,200604036738613.00,200604033350231.00
XXX,EQ,3-Apr-06,10:01:25,200604030035049.00,2970,2,200604036730314.00,200604033395211.00
XXX,EQ,3-Apr-06,10:01:26,200604030035058.00,2970,21,200604036730314.00,200604036738747.00
XXX,EQ,3-Apr-06,10:01:26,200604030035181.00,2970,8,200604036730314.00,200604033395265.00
XXX,EQ,3-Apr-06,10:01:27,200604030035216.00,2970,5,200604036730314.00,200604036738960.00
XXX,EQ,3-Apr-06,10:01:32,200604030035555.00,2970,24,200604036730314.00,200604036739698.00
XXX,EQ,3-Apr-06,10:01:32,200604030035556.00,2970,1,200604036739072.00,200604036739698.00
XXX,EQ,3-Apr-06,10:01:32,200604030035557.00,2970,50,200604036730314.00,200604036739698.00
XXX,EQ,3-Apr-06,10:01:38,200604030036162.00,2970,1,200604036730314.00,200604036740617.00
XXX,EQ,3-Apr-06,10:01:38,200604030036227.00,2970,3,200604036730314.00,200604036740657.00
XXX,EQ,3-Apr-06,10:01:43,200604030036624.00,2970.55,136,200604036730314.00,200604033350231.00
XXX,EQ,3-Apr-06,10:01:51,200604030037248.00,2971,2,200604036730314.00,200604036742748.00
XXX,EQ,3-Apr-06,10:01:55,200604030037697.00,2971.1,1,200604030062027.00,200604036743532.00
XXX,EQ,3-Apr-06,10:01:56,200604030037727.00,2971.1,199,200604030062027.00,200604033399499.00
XXX,EQ,3-Apr-06,10:01:56,200604030037728.00,2971,301,200604036730314.00,200604033399499.00
XXX,EQ,3-Apr-06,10:01:57,200604030037829.00,2971,3,200604036730314.00,200604033399684.00
XXX,EQ,3-Apr-06,10:02:00,200604030038123.00,2971,50,200604036730314.00,200604030063646.00
XXX,EQ,3-Apr-06,10:02:16,200604030039372.00,2973,1,200604030064229.00,200604033363535.00
XXX,EQ,3-Apr-06,10:02:16,200604030039373.00,2975,1,200604030064229.00,200604033359523.00
XXX,EQ,3-Apr-06,10:02:20,200604030039655.00,2972,5,200604030049071.00,200604030065920.00
XXX,EQ,3-Apr-06,10:02:22,200604030039789.00,2975,1,200604033402884.00,200604030040272.00
XXX,EQ,3-Apr-06,10:02:22,200604030039864.00,2972,30,200604030049071.00,200604033402967.00
XXX,EQ,3-Apr-06,10:02:25,200604030040063.00,2975,1,200604033402136.00,200604030051383.00
XXX,EQ,3-Apr-06,10:02:25,200604030040064.00,2975,1,200604033402136.00,200604030058766.00
XXX,EQ,3-Apr-06,10:02:25,200604030040065.00,2975,1,200604033402136.00,200604030063976.00
XXX,EQ,3-Apr-06,10:02:25,200604030040066.00,2978,2,200604033402136.00,200604030009909.00
XXX,EQ,3-Apr-06,10:02:26,200604030040094.00,2972,10,200604030049071.00,200604030066518.00
XXX,EQ,3-Apr-06,10:02:26,200604030040095.00,2972,1,200604033403344.00,200604030066518.00
XXX,EQ,3-Apr-06,10:02:26,200604030040096.00,2972,51,200604030049071.00,200604030066518.00
XXX,EQ,3-Apr-06,10:02:40,200604030041219.00,2972,5,200604036750836.00,200604030066518.00
XXX,EQ,3-Apr-06,10:02:44,200604030041540.00,2971,43,200604036730314.00,200604030068528.00
XXX,EQ,3-Apr-06,10:02:44,200604030041541.00,2971,7,200604036742011.00,200604030068528.00
XXX,EQ,3-Apr-06,10:02:51,200604030041974.00,2971,13,200604036742011.00,200604030069309.00
XXX,EQ,3-Apr-06,10:02:51,200604030041975.00,2971,12,200604036730314.00,200604030069309.00
XXX,EQ,3-Apr-06,10:02:53,200604030042204.00,2971,25,200604036730314.00,200604030069620.00
XXX,EQ,3-Apr-06,10:02:54,200604030042212.00,2971,25,200604036730314.00,200604033407014.00
XXX,EQ,3-Apr-06,10:02:56,200604030042444.00,2971,50,200604036730314.00,200604030069950.00
XXX,EQ,3-Apr-06,10:03:00,200604030042735.00,2974,5,200604030070310.00,200604030067749.00
XXX,EQ,3-Apr-06,10:03:11,200604030043512.00,2973,15,200604033408070.00,200604030071578.00
XXX,EQ,3-Apr-06,10:03:16,200604030044054.00,2973,35,200604033408070.00,200604030072209.00
XXX,EQ,3-Apr-06,10:03:16,200604030044055.00,2972,10,200604033409653.00,200604030072209.00
XXX,EQ,3-Apr-06,10:03:16,200604030044056.00,2971,5,200604036730314.00,200604030072209.00
XXX,EQ,3-Apr-06,10:03:17,200604030044093.00,2971,9,200604036730314.00,200604036757028.00
XXX,EQ,3-Apr-06,10:03:22,200604030044454.00,2973,50,200604030072740.00,200604030072217.00
XXX,EQ,3-Apr-06,10:03:22,200604030044455.00,2974,45,200604030072740.00,200604030067749.00
XXX,EQ,3-Apr-06,10:03:28,200604030045052.00,2974,5,200604030072740.00,200604036758852.00
XXX,EQ,3-Apr-06,10:03:34,200604030045540.00,2971,35,200604036730314.00,200604030074111.00
XXX,EQ,3-Apr-06,10:03:34,200604030045541.00,2970,1,200604033397871.00,200604030074111.00
XXX,EQ,3-Apr-06,10:03:34,200604030045542.00,2970,1,200604030064177.00,200604030074111.00
XXX,EQ,3-Apr-06,10:03:34,200604030045543.00,2970,1,200604033403112.00,200604030074111.00
XXX,EQ,3-Apr-06,10:03:35,200604030045696.00,2970,20,200604033412429.00,200604030074111.00
XXX,EQ,3-Apr-06,10:03:35,200604030045709.00,2970,1,200604033412457.00,200604030074111.00
XXX,EQ,3-Apr-06,10:03:43,200604030046498.00,2970,31,200604033370638.00,200604030074111.00
XXX,EQ,3-Apr-06,10:03:43,200604030046501.00,2970,10,200604030075067.00,200604030074111.00
XXX,EQ,3-Apr-06,10:03:43,200604030046502.00,2970,1,200604030075067.00,200604030074948.00
XXX,EQ,3-Apr-06,10:03:51,200604030047249.00,2971,6,200604036762506.00,200604030075423.00
XXX,EQ,3-Apr-06,10:03:53,200604030047402.00,2971,2,200604033414767.00,200604030075423.00
XXX,EQ,3-Apr-06,10:03:56,200604030047636.00,2970,1,200604030075067.00,200604033415179.00
XXX,EQ,3-Apr-06,10:03:56,200604030047637.00,2967,1,200604030075817.00,200604033415179.00
XXX,EQ,3-Apr-06,10:04:09,200604030048501.00,2971,5,200604030077958.00,200604030074795.00
XXX,EQ,3-Apr-06,10:04:11,200604030048632.00,2970,1,200604030078184.00,200604030074795.00
XXX,EQ,3-Apr-06,10:04:12,200604030048713.00,2970,1,200604030078305.00,200604030074795.00
XXX,EQ,3-Apr-06,10:04:12,200604030048761.00,2970,1,200604030078376.00,200604030074795.00
XXX,EQ,3-Apr-06,10:04:13,200604030048810.00,2970,1,200604030078472.00,200604030074795.00
XXX,EQ,3-Apr-06,10:04:18,200604030049277.00,2970,91,200604030079021.00,200604030074795.00
XXX,EQ,3-Apr-06,10:04:18,200604030049278.00,2970,1,200604030079021.00,200604030078522.00
XXX,EQ,3-Apr-06,10:04:18,200604030049279.00,2971,1,200604030079021.00,200604033417805.00
XXX,EQ,3-Apr-06,10:04:20,200604030049400.00,2972,1,200604030079021.00,200604036766736.00
XXX,EQ,3-Apr-06,10:04:22,200604030049557.00,2972,5,200604030079021.00,200604030079413.00
XXX,EQ,3-Apr-06,10:04:24,200604030049664.00,2973,2,200604030079595.00,200604036761460.00
XXX,EQ,3-Apr-06,10:04:25,200604030049738.00,2973,2,200604030079595.00,200604036767394.00
XXX,EQ,3-Apr-06,10:04:25,200604030049739.00,2972,198,200604030079021.00,200604036767394.00
XXX,EQ,3-Apr-06,10:04:30,200604030050108.00,2972.85,192,200604030079021.00,200604030075423.00
XXX,EQ,3-Apr-06,10:04:30,200604030050109.00,2975,1,200604030079021.00,200604030067426.00
XXX,EQ,3-Apr-06,10:04:30,200604030050110.00,2975,1,200604030079021.00,200604030068845.00
XXX,EQ,3-Apr-06,10:04:30,200604030050111.00,2975,1,200604030079021.00,200604033408495.00
XXX,EQ,3-Apr-06,10:04:30,200604030050112.00,2975,1,200604030079021.00,200604030073338.00
XXX,EQ,3-Apr-06,10:04:30,200604030050113.00,2975,10,200604030079021.00,200604033411563.00
XXX,EQ,3-Apr-06,10:04:31,200604030050151.00,2976,1,200604030079021.00,200604036768188.00
XXX,EQ,3-Apr-06,10:04:32,200604030050259.00,2978,1,200604036768322.00,200604030009909.00
XXX,EQ,3-Apr-06,10:04:32,200604030050276.00,2976,200,200604030079021.00,200604036768362.00
XXX,EQ,3-Apr-06,10:04:36,200604030050640.00,2976,196,200604030079021.00,200604036768875.00
XXX,EQ,3-Apr-06,10:04:36,200604030050647.00,2973.7,1,200604030080730.00,200604030080987.00
XXX,EQ,3-Apr-06,10:04:44,200604030051269.00,2972,1,200604033421316.00,200604030081055.00
XXX,EQ,3-Apr-06,10:04:48,200604030051535.00,2970,1,200604030080950.00,200604030081460.00
XXX,EQ,3-Apr-06,10:04:49,200604030051641.00,2967,1,200604030075817.00,200604036770626.00
XXX,EQ,3-Apr-06,10:04:51,200604030051806.00,2970,1,200604036770871.00,200604030081460.00
XXX,EQ,3-Apr-06,10:04:58,200604030052370.00,2970,1,200604030083353.00,200604030081460.00
XXX,EQ,3-Apr-06,10:04:59,200604030052393.00,2970,22,200604036771911.00,200604030081460.00
XXX,EQ,3-Apr-06,10:04:59,200604030052394.00,2970,1,200604036771911.00,200604030082569.00
XXX,EQ,3-Apr-06,10:04:59,200604030052395.00,2971.9,199,200604036771911.00,200604030081055.00
XXX,EQ,3-Apr-06,10:04:59,200604030052396.00,2971.95,1,200604036771911.00,200604033422046.00
XXX,EQ,3-Apr-06,10:04:59,200604030052397.00,2972,56,200604036771911.00,200604036770869.00
XXX,EQ,3-Apr-06,10:05:01,200604030052679.00,2973,50,200604033423411.00,200604030080987.00
XXX,EQ,3-Apr-06,10:05:02,200604030052714.00,2967,5,200604030075817.00,200604033423491.00
XXX,EQ,3-Apr-06,10:05:09,200604030053328.00,2970,1,200604030083738.00,200604030084537.00
XXX,EQ,3-Apr-06,10:05:09,200604030053334.00,2967,13,200604030075817.00,200604033424537.00
XXX,EQ,3-Apr-06,10:05:09,200604030053335.00,2967,1,200604030079523.00,200604033424537.00
XXX,EQ,3-Apr-06,10:05:11,200604030053524.00,2967,86,200604036773540.00,200604033424537.00
XXX,EQ,3-Apr-06,10:05:11,200604030053525.00,2970,114,200604036773540.00,200604030084537.00
XXX,EQ,3-Apr-06,10:05:17,200604030054080.00,2970,2,200604030085418.00,200604030084537.00
XXX,EQ,3-Apr-06,10:05:33,200604030055494.00,2969.9,4,200604036776425.00,200604036774756.00
XXX,EQ,3-Apr-06,10:05:33,200604030055495.00,2970,46,200604036776425.00,200604030084537.00
XXX,EQ,3-Apr-06,10:05:48,200604030056518.00,2970,50,200604030088673.00,200604030084537.00
XXX,EQ,3-Apr-06,10:05:50,200604030056661.00,2970,87,200604036777986.00,200604030084537.00
XXX,EQ,3-Apr-06,10:05:50,200604030056662.00,2970,1,200604036777986.00,200604030085311.00
XXX,EQ,3-Apr-06,10:05:54,200604030057225.00,2970,8,200604036777986.00,200604030089275.00
XXX,EQ,3-Apr-06,10:06:05,200604030058094.00,2970,4,200604036777986.00,200604033431636.00
XXX,EQ,3-Apr-06,10:06:05,200604030058095.00,2968.1,16,200604030083436.00,200604033431636.00
XXX,EQ,3-Apr-06,10:06:07,200604030058334.00,2970,10,200604030090630.00,200604030090694.00
XXX,EQ,3-Apr-06,10:06:08,200604030058340.00,2969.9,10,200604030090708.00,200604030090694.00
XXX,EQ,3-Apr-06,10:06:16,200604030059172.00,2968.1,20,200604030083436.00,200604030091670.00
XXX,EQ,3-Apr-06,10:06:57,200604030063845.00,2967,1,200604033435411.00,200604030096250.00
XXX,EQ,3-Apr-06,10:06:59,200604030063951.00,2966.1,9,200604030083436.00,200604036788197.00
XXX,EQ,3-Apr-06,10:07:02,200604030064157.00,2967,1,200604036788627.00,200604030096250.00
XXX,EQ,3-Apr-06,10:07:02,200604030064159.00,2971,5,200604033438875.00,200604030096564.00
XXX,EQ,3-Apr-06,10:07:44,200604030067284.00,2967.1,11,200604030083436.00,200604033443728.00
XXX,EQ,3-Apr-06,10:07:44,200604030067285.00,2967.1,1,200604030099181.00,200604033443728.00
XXX,EQ,3-Apr-06,10:07:44,200604030067286.00,2967.1,94,200604030083436.00,200604033443728.00
XXX,EQ,3-Apr-06,10:07:44,200604030067287.00,2967.05,4,200604036788627.00,200604033443728.00
XXX,EQ,3-Apr-06,10:07:56,200604030068702.00,2967,140,200604033445252.00,200604033443728.00
XXX,EQ,3-Apr-06,10:07:56,200604030068703.00,2967,1,200604033445252.00,200604030101238.00
XXX,EQ,3-Apr-06,10:07:56,200604030068704.00,2970,59,200604033445252.00,200604030101794.00
XXX,EQ,3-Apr-06,10:08:14,200604030071108.00,2967.2,8,200604036700478.00,200604036797946.00
XXX,EQ,3-Apr-06,10:08:17,200604030071426.00,2967.2,4,200604036700478.00,200604033447902.00
XXX,EQ,3-Apr-06,10:08:22,200604030071974.00,2967.2,50,200604036700478.00,200604033448536.00
XXX,EQ,3-Apr-06,10:08:24,200604030072171.00,2967.2,188,200604036700478.00,200604030105244.00
XXX,EQ,3-Apr-06,10:08:49,200604030074982.00,2965,1,200604033387757.00,200604030107950.00
XXX,EQ,3-Apr-06,10:08:49,200604030074983.00,2965,1,200604030055986.00,200604030107950.00
XXX,EQ,3-Apr-06,10:08:49,200604030074984.00,2965,1,200604030058432.00,200604030107950.00
XXX,EQ,3-Apr-06,10:08:49,200604030074985.00,2965,1,200604030068699.00,200604030107950.00
XXX,EQ,3-Apr-06,10:08:49,200604030074986.00,2965,1,200604030083416.00,200604030107950.00
XXX,EQ,3-Apr-06,10:08:55,200604030075555.00,2967,12,200604030108471.00,200604030105244.00
XXX,EQ,3-Apr-06,10:08:55,200604030075556.00,2967,40,200604030108471.00,200604033371879.00
XXX,EQ,3-Apr-06,10:08:55,200604030075557.00,2969.9,23,200604030108471.00,200604030106947.00
XXX,EQ,3-Apr-06,10:08:55,200604030075558.00,2969.95,25,200604030108471.00,200604030106089.00
XXX,EQ,3-Apr-06,10:08:56,200604030075653.00,2965,1,200604030102906.00,200604030108581.00
XXX,EQ,3-Apr-06,10:08:59,200604030075981.00,2965,1,200604030103538.00,200604030108877.00
XXX,EQ,3-Apr-06,10:09:05,200604030076883.00,2965,1,200604030103959.00,200604030109594.00
XXX,EQ,3-Apr-06,10:09:05,200604030076884.00,2965,1,200604030108667.00,200604030109594.00
XXX,EQ,3-Apr-06,10:09:05,200604030076885.00,2965,5,200604033453506.00,200604030109594.00
XXX,EQ,3-Apr-06,10:09:13,200604030077965.00,2965,13,200604030110451.00,200604030109594.00
XXX,EQ,3-Apr-06,10:09:13,200604030077966.00,2965,1,200604030110451.00,200604030110437.00
XXX,EQ,3-Apr-06,10:09:21,200604030078578.00,2969,50,200604033455737.00,200604030101794.00
XXX,EQ,3-Apr-06,10:09:36,200604030080165.00,2969,1,200604033457614.00,200604030101794.00
XXX,EQ,3-Apr-06,10:09:53,200604030081873.00,2968,6,200604030113873.00,200604036811349.00
XXX,EQ,3-Apr-06,10:09:55,200604030081995.00,2965,1,200604030110740.00,200604030106089.00
XXX,EQ,3-Apr-06,10:09:59,200604030082605.00,2965,279,200604036812311.00,200604030106089.00
XXX,EQ,3-Apr-06,10:10:10,200604030083578.00,2964.95,10,200604033459290.00,200604030114425.00
XXX,EQ,3-Apr-06,10:10:11,200604030083625.00,2964.95,10,200604033461989.00,200604030114425.00
XXX,EQ,3-Apr-06,10:10:36,200604030086684.00,2962,1,200604033447634.00,200604036817332.00
XXX,EQ,3-Apr-06,10:10:37,200604030086764.00,2960,62,200604036715875.00,200604030114425.00
XXX,EQ,3-Apr-06,10:10:37,200604030086765.00,2960,1,200604030044050.00,200604030114425.00
XXX,EQ,3-Apr-06,10:10:37,200604030086766.00,2960,1,200604030045106.00,200604030114425.00
XXX,EQ,3-Apr-06,10:10:37,200604030086767.00,2960,1,200604030047772.00,200604030114425.00
XXX,EQ,3-Apr-06,10:10:37,200604030086768.00,2960,1,200604033383363.00,200604030114425.00
XXX,EQ,3-Apr-06,10:10:37,200604030086769.00,2960,1,200604030060244.00,200604030114425.00
XXX,EQ,3-Apr-06,10:10:37,200604030086770.00,2960,1,200604030068916.00,200604030114425.00
XXX,EQ,3-Apr-06,10:10:37,200604030086771.00,2960,1,200604030083235.00,200604030114425.00
XXX,EQ,3-Apr-06,10:10:37,200604030086772.00,2960,1,200604030104100.00,200604030114425.00
XXX,EQ,3-Apr-06,10:10:37,200604030086773.00,2960,1,200604030108710.00,200604030114425.00
XXX,EQ,3-Apr-06,10:10:37,200604030086774.00,2960,1,200604030110204.00,200604030114425.00
XXX,EQ,3-Apr-06,10:10:37,200604030086775.00,2960,1,200604033459506.00,200604030114425.00
XXX,EQ,3-Apr-06,10:11:04,200604030089922.00,2957,3,200604030098805.00,200604030122063.00
XXX,EQ,3-Apr-06,10:11:12,200604030090768.00,2959,10,200604033469450.00,200604030117356.00
XXX,EQ,3-Apr-06,10:11:12,200604030090769.00,2960,14,200604033469450.00,200604030114425.00
XXX,EQ,3-Apr-06,10:11:12,200604030090770.00,2960,26,200604033469450.00,200604030075948.00
XXX,EQ,3-Apr-06,10:11:18,200604030091438.00,2957,17,200604030098805.00,200604030114425.00
XXX,EQ,3-Apr-06,10:11:18,200604030091439.00,2957,8,200604036802879.00,200604030114425.00
XXX,EQ,3-Apr-06,10:11:18,200604030091440.00,2955,2,200604036715913.00,200604030114425.00
XXX,EQ,3-Apr-06,10:11:18,200604030091441.00,2955,1,200604033379440.00,200604030114425.00
XXX,EQ,3-Apr-06,10:11:18,200604030091442.00,2955,1,200604030047908.00,200604030114425.00
XXX,EQ,3-Apr-06,10:11:18,200604030091443.00,2955,1,200604030060801.00,200604030114425.00
XXX,EQ,3-Apr-06,10:11:18,200604030091444.00,2955,1,200604030122998.00,200604030114425.00
XXX,EQ,3-Apr-06,10:11:26,200604030092427.00,2955,10,200604033471116.00,200604030114425.00
XXX,EQ,3-Apr-06,10:11:35,200604030093233.00,2951,1,200604036705752.00,200604030123816.00
XXX,EQ,3-Apr-06,10:11:57,200604030095424.00,2951.5,10,200604030126502.00,200604030127448.00
XXX,EQ,3-Apr-06,10:11:57,200604030095428.00,2951.5,11,200604030126502.00,200604036828162.00
XXX,EQ,3-Apr-06,10:12:04,200604030095987.00,2951.5,20,200604030126502.00,200604030128157.00
XXX,EQ,3-Apr-06,10:12:05,200604030096051.00,2951.5,50,200604030126502.00,200604030128228.00
XXX,EQ,3-Apr-06,10:12:10,200604030096720.00,2954.95,21,200604036829802.00,200604030106089.00
XXX,EQ,3-Apr-06,10:12:34,200604030099157.00,2951.65,1,200604030130858.00,200604036826528.00
XXX,EQ,3-Apr-06,10:12:37,200604030099441.00,2954.95,50,200604036833384.00,200604030106089.00
XXX,EQ,3-Apr-06,10:12:38,200604030099515.00,2951.65,50,200604030130858.00,200604030131691.00
XXX,EQ,3-Apr-06,10:12:38,200604030099520.00,2954.95,1,200604036833512.00,200604030106089.00
XXX,EQ,3-Apr-06,10:12:49,200604030100517.00,2951.8,3,200604030126502.00,200604036835078.00
XXX,EQ,3-Apr-06,10:12:53,200604030100991.00,2954.95,23,200604030126502.00,200604030106089.00
XXX,EQ,3-Apr-06,10:12:53,200604030100992.00,2955,1,200604030126502.00,200604033470668.00
XXX,EQ,3-Apr-06,10:12:53,200604030100993.00,2955,1,200604030126502.00,200604030124647.00
XXX,EQ,3-Apr-06,10:12:53,200604030100994.00,2955,1,200604030126502.00,200604030125045.00
XXX,EQ,3-Apr-06,10:12:53,200604030100995.00,2955,1,200604030126502.00,200604030129345.00
XXX,EQ,3-Apr-06,10:13:08,200604030102521.00,2955,3,200604030134454.00,200604030134823.00
XXX,EQ,3-Apr-06,10:13:08,200604030102522.00,2952.15,9,200604030132304.00,200604030134823.00
XXX,EQ,3-Apr-06,10:13:17,200604030103928.00,2957,15,200604036838711.00,200604033477058.00
XXX,EQ,3-Apr-06,10:13:25,200604030104922.00,2957,10,200604033485350.00,200604033477058.00
XXX,EQ,3-Apr-06,10:13:41,200604030106652.00,2952.5,1,200604030130858.00,200604030138090.00
XXX,EQ,3-Apr-06,10:13:55,200604030108374.00,2955,1,200604033488684.00,200604030139508.00
XXX,EQ,3-Apr-06,10:14:16,200604030110793.00,2957,1,200604036846439.00,200604030140681.00
XXX,EQ,3-Apr-06,10:14:24,200604030111639.00,2957,15,200604036847359.00,200604030140681.00
XXX,EQ,3-Apr-06,10:14:24,200604030111647.00,2955.3,10,200604030132304.00,200604030142551.00
XXX,EQ,3-Apr-06,10:14:40,200604030113165.00,2957,2,200604030144106.00,200604030140681.00
XXX,EQ,3-Apr-06,10:14:41,200604030113385.00,2959.9,2,200604036849697.00,200604033492151.00
XXX,EQ,3-Apr-06,10:14:56,200604030114945.00,2957,10,200604033494859.00,200604036851557.00
XXX,EQ,3-Apr-06,10:14:56,200604030114946.00,2955.55,15,200604030132304.00,200604036851557.00
XXX,EQ,3-Apr-06,10:14:59,200604030115183.00,2959.9,98,200604036851948.00,200604033492151.00
XXX,EQ,3-Apr-06,10:14:59,200604030115184.00,2959.95,5,200604036851948.00,200604033488086.00
XXX,EQ,3-Apr-06,10:14:59,200604030115185.00,2960,1,200604036851948.00,200604033465722.00
XXX,EQ,3-Apr-06,10:14:59,200604030115186.00,2960,1,200604036851948.00,200604030119854.00
XXX,EQ,3-Apr-06,10:14:59,200604030115187.00,2960,1,200604036851948.00,200604030120626.00
XXX,EQ,3-Apr-06,10:14:59,200604030115188.00,2960,1,200604036851948.00,200604030121158.00
XXX,EQ,3-Apr-06,10:14:59,200604030115189.00,2960,9,200604036851948.00,200604033474299.00
XXX,EQ,3-Apr-06,10:14:59,200604030115190.00,2960,50,200604036851948.00,200604036830591.00
XXX,EQ,3-Apr-06,10:14:59,200604030115191.00,2960,10,200604036851948.00,200604033480717.00
XXX,EQ,3-Apr-06,10:14:59,200604030115192.00,2960,1,200604036851948.00,200604030137759.00
XXX,EQ,3-Apr-06,10:14:59,200604030115193.00,2960,1,200604036851948.00,200604030139746.00
XXX,EQ,3-Apr-06,10:14:59,200604030115194.00,2961.65,10,200604036851948.00,200604036842239.00
XXX,EQ,3-Apr-06,10:14:59,200604030115195.00,2962,4,200604036851948.00,200604036817332.00
XXX,EQ,3-Apr-06,10:14:59,200604030115196.00,2962,1,200604036851948.00,200604033466439.00
XXX,EQ,3-Apr-06,10:14:59,200604030115197.00,2963,3,200604036851948.00,200604030135959.00
XXX,EQ,3-Apr-06,10:14:59,200604030115198.00,2965,1,200604036851948.00,200604033466827.00
XXX,EQ,3-Apr-06,10:14:59,200604030115199.00,2965,83,200604036851948.00,200604033350252.00
XXX,EQ,3-Apr-06,10:15:06,200604030116010.00,2965,1,200604030146615.00,200604033350252.00
XXX,EQ,3-Apr-06,10:15:08,200604030116111.00,2965,1,200604033496976.00,200604033350252.00
XXX,EQ,3-Apr-06,10:15:10,200604030116348.00,2960,1,200604036850941.00,200604030146965.00
XXX,EQ,3-Apr-06,10:15:13,200604030116646.00,2960,9,200604036850941.00,200604033497587.00
XXX,EQ,3-Apr-06,10:15:15,200604030116758.00,2959.8,10,200604030146663.00,200604033497587.00
XXX,EQ,3-Apr-06,10:15:23,200604030117503.00,2959.8,5,200604036855069.00,200604033497587.00
XXX,EQ,3-Apr-06,10:15:30,200604030118123.00,2959.8,10,200604036855857.00,200604033497587.00
XXX,EQ,3-Apr-06,10:15:47,200604030119674.00,2957,1,200604033501337.00,200604030150385.00
XXX,EQ,3-Apr-06,10:15:47,200604030119675.00,2957,1,200604033501337.00,200604030150538.00
XXX,EQ,3-Apr-06,10:15:47,200604030119733.00,2957,10,200604030150575.00,200604030150538.00
XXX,EQ,3-Apr-06,10:15:53,200604030120189.00,2957,79,200604030126502.00,200604030150538.00
XXX,EQ,3-Apr-06,10:17:16,200604030126918.00,2957,5,200604033511029.00,200604030150538.00
XXX,EQ,3-Apr-06,10:17:25,200604030127597.00,2955.1,20,200604030132304.00,200604036869944.00
XXX,EQ,3-Apr-06,10:17:57,200604030129696.00,2955,8,200604033488684.00,200604036873916.00
XXX,EQ,3-Apr-06,10:18:04,200604030130357.00,2957,5,200604033516032.00,200604030150538.00
XXX,EQ,3-Apr-06,10:18:04,200604030130358.00,2957,5,200604033516032.00,200604033414031.00
XXX,EQ,3-Apr-06,10:18:04,200604030130359.00,2957,15,200604033516032.00,200604030158600.00
XXX,EQ,3-Apr-06,10:18:06,200604030130510.00,2957,25,200604033516032.00,200604033516247.00
XXX,EQ,3-Apr-06,10:18:06,200604030130511.00,2955.15,10,200604033515455.00,200604033516247.00
XXX,EQ,3-Apr-06,10:18:06,200604030130512.00,2955,1,200604033488684.00,200604033516247.00
XXX,EQ,3-Apr-06,10:18:06,200604030130513.00,2955,3,200604030144752.00,200604033516247.00
XXX,EQ,3-Apr-06,10:18:06,200604030130514.00,2955,1,200604033497303.00,200604033516247.00
XXX,EQ,3-Apr-06,10:18:06,200604030130515.00,2955,1,200604030152218.00,200604033516247.00
XXX,EQ,3-Apr-06,10:18:06,200604030130516.00,2955,1,200604030153752.00,200604033516247.00
XXX,EQ,3-Apr-06,10:18:06,200604030130517.00,2955,1,200604030154963.00,200604033516247.00
XXX,EQ,3-Apr-06,10:18:21,200604030131682.00,2955,10,200604036877040.00,200604033516247.00
XXX,EQ,3-Apr-06,10:18:23,200604030131815.00,2953.25,10,200604030130858.00,200604033517077.00
XXX,EQ,3-Apr-06,10:18:24,200604030131866.00,2953.25,1,200604030130858.00,200604036877394.00
XXX,EQ,3-Apr-06,10:18:32,200604030132466.00,2953.25,2,200604030130858.00,200604036878304.00
XXX,EQ,3-Apr-06,10:18:35,200604030132634.00,2953.25,1,200604030130858.00,200604036878646.00
XXX,EQ,3-Apr-06,10:18:36,200604030132678.00,2955,1,200604036878726.00,200604033516247.00
XXX,EQ,3-Apr-06,10:18:36,200604030132710.00,2955,10,200604033519442.00,200604033516247.00
XXX,EQ,3-Apr-06,10:18:52,200604030133726.00,2955,20,200604036880827.00,200604033516247.00
XXX,EQ,3-Apr-06,10:19:07,200604030134783.00,2955,10,200604030168907.00,200604033516247.00
XXX,EQ,3-Apr-06,10:19:11,200604030135198.00,2953.7,30,200604030130858.00,200604036883068.00
XXX,EQ,3-Apr-06,10:19:11,200604030135216.00,2953.7,25,200604030130858.00,200604033523019.00
XXX,EQ,3-Apr-06,10:19:34,200604030137266.00,2954.9,100,200604036884080.00,200604030170283.00
XXX,EQ,3-Apr-06,10:19:42,200604030137973.00,2954.9,2,200604033526422.00,200604030170283.00
XXX,EQ,3-Apr-06,10:19:42,200604030137974.00,2955,1,200604033526422.00,200604030164594.00
XXX,EQ,3-Apr-06,10:19:42,200604030137975.00,2955,1,200604033526422.00,200604033517611.00
XXX,EQ,3-Apr-06,10:19:42,200604030137976.00,2955,25,200604033526422.00,200604030169254.00
XXX,EQ,3-Apr-06,10:19:42,200604030137977.00,2955,1,200604033526422.00,200604030170329.00
XXX,EQ,3-Apr-06,10:19:50,200604030138651.00,2955,1,200604033526422.00,200604030172910.00
XXX,EQ,3-Apr-06,10:19:59,200604030139341.00,2955,1,200604033526422.00,200604036889133.00
XXX,EQ,3-Apr-06,10:19:59,200604030139342.00,2959,15,200604036889139.00,200604030155789.00
XXX,EQ,3-Apr-06,10:19:59,200604030139343.00,2960,1,200604036889139.00,200604030149089.00
XXX,EQ,3-Apr-06,10:19:59,200604030139344.00,2960,1,200604036889139.00,200604033517968.00
XXX,EQ,3-Apr-06,10:19:59,200604030139345.00,2960,1,200604036889139.00,200604030170150.00
XXX,EQ,3-Apr-06,10:19:59,200604030139346.00,2964.95,10,200604036889139.00,200604033518341.00
XXX,EQ,3-Apr-06,10:19:59,200604030139347.00,2965,15,200604036889139.00,200604033350252.00
XXX,EQ,3-Apr-06,10:19:59,200604030139348.00,2965,1,200604036889139.00,200604030138462.00
XXX,EQ,3-Apr-06,10:19:59,200604030139349.00,2965,1,200604036889139.00,200604030146065.00
XXX,EQ,3-Apr-06,10:19:59,200604030139350.00,2965,1,200604036889139.00,200604030146335.00
XXX,EQ,3-Apr-06,10:19:59,200604030139351.00,2965,1,200604036889139.00,200604030148061.00
XXX,EQ,3-Apr-06,10:19:59,200604030139352.00,2965,100,200604036889139.00,200604036855756.00
XXX,EQ,3-Apr-06,10:19:59,200604030139353.00,2965,1,200604036889139.00,200604033518395.00
XXX,EQ,3-Apr-06,10:19:59,200604030139354.00,2965,1,200604036889139.00,200604030170028.00
XXX,EQ,3-Apr-06,10:19:59,200604030139355.00,2965,130,200604036889139.00,200604033350252.00
XXX,EQ,3-Apr-06,10:20:07,200604030139991.00,2965,1,200604033529063.00,200604033350252.00
XXX,EQ,3-Apr-06,10:20:23,200604030141204.00,2964,1,200604030175972.00,200604030175116.00
XXX,EQ,3-Apr-06,10:20:50,200604030143315.00,2955.1,20,200604036894186.00,200604036895445.00
XXX,EQ,3-Apr-06,10:21:41,200604030147880.00,2958,30,200604036838549.00,200604030066128.00
XXX,EQ,3-Apr-06,10:21:46,200604030148295.00,2958,7,200604036838549.00,200604030183261.00
XXX,EQ,3-Apr-06,10:21:47,200604030148388.00,2958,2,200604036838549.00,200604030183340.00
XXX,EQ,3-Apr-06,10:21:52,200604030148943.00,2958,61,200604036838549.00,200604030175116.00
XXX,EQ,3-Apr-06,10:21:56,200604030149457.00,2958,10,200604033520560.00,200604030175116.00
XXX,EQ,3-Apr-06,10:22:06,200604030150539.00,2955.1,1,200604036894186.00,200604036904630.00
XXX,EQ,3-Apr-06,10:22:15,200604030151235.00,2958,9,200604033542596.00,200604030185770.00
XXX,EQ,3-Apr-06,10:22:15,200604030151236.00,2959,16,200604033542596.00,200604030175116.00
XXX,EQ,3-Apr-06,10:22:23,200604030151976.00,2955.1,3,200604036894186.00,200604030186668.00
XXX,EQ,3-Apr-06,10:22:43,200604030153779.00,2955.1,1,200604036894186.00,200604030187697.00
XXX,EQ,3-Apr-06,10:22:43,200604030153780.00,2955.1,9,200604036905829.00,200604030187697.00
XXX,EQ,3-Apr-06,10:23:47,200604030158897.00,2959,2,200604036916932.00,200604030175116.00
XXX,EQ,3-Apr-06,10:24:14,200604030160879.00,2956,8,200604036894186.00,200604033553650.00
XXX,EQ,3-Apr-06,10:24:14,200604030160880.00,2958,40,200604036894186.00,200604030179240.00
XXX,EQ,3-Apr-06,10:24:20,200604030161275.00,2958,5,200604036894186.00,200604030196889.00
XXX,EQ,3-Apr-06,10:24:21,200604030161361.00,2959,1,200604030196999.00,200604030175116.00
XXX,EQ,3-Apr-06,10:24:25,200604030161558.00,2958,1,200604036894186.00,200604036921100.00
XXX,EQ,3-Apr-06,10:24:27,200604030161887.00,2959,6,200604036826569.00,200604030175116.00
XXX,EQ,3-Apr-06,10:24:27,200604030161888.00,2959,50,200604036826569.00,200604030194590.00
XXX,EQ,3-Apr-06,10:24:27,200604030161889.00,2959,24,200604036826569.00,200604030175116.00
XXX,EQ,3-Apr-06,10:24:33,200604030162445.00,2959,20,200604036826569.00,200604030197936.00
XXX,EQ,3-Apr-06,10:24:43,200604030162999.00,2960,2,200604036894186.00,200604036893471.00
XXX,EQ,3-Apr-06,10:24:43,200604030163000.00,2960,1,200604036894186.00,200604030177580.00
XXX,EQ,3-Apr-06,10:24:43,200604030163001.00,2960,25,200604036894186.00,200604033537067.00
XXX,EQ,3-Apr-06,10:24:59,200604030164094.00,2962.6,50,200604036924814.00,200604030177063.00
XXX,EQ,3-Apr-06,10:24:59,200604030164095.00,2962.7,10,200604036924814.00,200604033543317.00
XXX,EQ,3-Apr-06,10:24:59,200604030164096.00,2962.85,61,200604036924814.00,200604033532030.00
XXX,EQ,3-Apr-06,10:24:59,200604030164097.00,2965,56,200604036924814.00,200604033350252.00
XXX,EQ,3-Apr-06,10:24:59,200604030164098.00,2965,1,200604036924814.00,200604030175638.00
XXX,EQ,3-Apr-06,10:24:59,200604030164099.00,2965,1,200604036924814.00,200604030177813.00
XXX,EQ,3-Apr-06,10:24:59,200604030164100.00,2965,1,200604036924814.00,200604033554885.00
XXX,EQ,3-Apr-06,10:24:59,200604030164101.00,2965,1,200604036924814.00,200604033558427.00
XXX,EQ,3-Apr-06,10:24:59,200604030164102.00,2965,1,200604036924814.00,200604033554885.00
XXX,EQ,3-Apr-06,10:24:59,200604030164103.00,2966,2,200604036924814.00,200604036896527.00
XXX,EQ,3-Apr-06,10:24:59,200604030164104.00,2967,10,200604036924814.00,200604033467925.00
XXX,EQ,3-Apr-06,10:24:59,200604030164105.00,2967,2,200604036924814.00,200604033555291.00
XXX,EQ,3-Apr-06,10:24:59,200604030164106.00,2967.95,10,200604036924814.00,200604036713548.00
XXX,EQ,3-Apr-06,10:24:59,200604030164107.00,2968,73,200604036924814.00,200604036811349.00
XXX,EQ,3-Apr-06,10:25:06,200604030164726.00,2965,1,200604033559150.00,200604033559231.00
XXX,EQ,3-Apr-06,10:25:06,200604030164727.00,2962.7,2,200604036894186.00,200604033559231.00
XXX,EQ,3-Apr-06,10:25:21,200604030165621.00,2962.85,1,200604036826569.00,200604033560451.00
XXX,EQ,3-Apr-06,10:25:29,200604030166140.00,2965,5,200604036826569.00,200604030201593.00
XXX,EQ,3-Apr-06,10:25:29,200604030166141.00,2967.5,144,200604036826569.00,200604030201467.00
XXX,EQ,3-Apr-06,10:25:32,200604030166373.00,2962.7,23,200604036894186.00,200604033561416.00
XXX,EQ,3-Apr-06,10:25:32,200604030166374.00,2962.7,7,200604036926175.00,200604033561416.00
XXX,EQ,3-Apr-06,10:26:06,200604030168325.00,2967,25,200604036931638.00,200604030202134.00
XXX,EQ,3-Apr-06,10:26:13,200604030168743.00,2967,50,200604030205266.00,200604030202134.00
XXX,EQ,3-Apr-06,10:26:23,200604030169583.00,2967,2,200604033565643.00,200604030202134.00
XXX,EQ,3-Apr-06,10:26:26,200604030169795.00,2967,1,200604030206231.00,200604030202134.00
XXX,EQ,3-Apr-06,10:27:12,200604030173538.00,2967,25,200604036938937.00,200604030204003.00
XXX,EQ,3-Apr-06,10:27:13,200604030173652.00,2967,1,200604030209910.00,200604030204591.00
XXX,EQ,3-Apr-06,10:27:13,200604030173653.00,2967,9,200604030209910.00,200604033569837.00
XXX,EQ,3-Apr-06,10:27:22,200604030174284.00,2966.5,2,200604030210615.00,200604036939335.00
XXX,EQ,3-Apr-06,10:27:22,200604030174285.00,2967,10,200604030210615.00,200604033569837.00
XXX,EQ,3-Apr-06,10:27:23,200604030174407.00,2967,1,200604030210676.00,200604033569837.00
XXX,EQ,3-Apr-06,10:27:24,200604030174444.00,2967,5,200604036940235.00,200604033569837.00
XXX,EQ,3-Apr-06,10:27:48,200604030176202.00,2964.25,78,200604030208449.00,200604030212598.00
XXX,EQ,3-Apr-06,10:27:48,200604030176203.00,2964,4,200604033561578.00,200604030212598.00
XXX,EQ,3-Apr-06,10:27:48,200604030176204.00,2964,100,200604033560320.00,200604030212598.00
XXX,EQ,3-Apr-06,10:27:50,200604030176357.00,2963,20,200604036894186.00,200604036943240.00
XXX,EQ,3-Apr-06,10:28:07,200604030177566.00,2964,18,200604030214125.00,200604030212598.00
XXX,EQ,3-Apr-06,10:28:19,200604030178478.00,2964.05,10,200604030214901.00,200604036946317.00
XXX,EQ,3-Apr-06,10:28:23,200604030179000.00,2967,50,200604030215346.00,200604033569837.00
XXX,EQ,3-Apr-06,10:28:47,200604030180511.00,2963.25,3,200604036945264.00,200604033577919.00
XXX,EQ,3-Apr-06,10:28:56,200604030181285.00,2963.25,2,200604036945264.00,200604030217834.00
XXX,EQ,3-Apr-06,10:28:59,200604030181527.00,2964,10,200604036950649.00,200604030216566.00
XXX,EQ,3-Apr-06,10:29:01,200604030181676.00,2963.25,13,200604036945264.00,200604033579132.00
XXX,EQ,3-Apr-06,10:29:04,200604030181869.00,2963.25,7,200604036945264.00,200604030218490.00
XXX,EQ,3-Apr-06,10:29:24,200604030183597.00,2963,98,200604036894186.00,200604036953255.00
XXX,EQ,3-Apr-06,10:29:24,200604030183598.00,2962.7,2,200604036926175.00,200604036953255.00
XXX,EQ,3-Apr-06,10:29:35,200604030184457.00,2963.25,10,200604036954389.00,200604030218490.00
XXX,EQ,3-Apr-06,10:29:43,200604030185026.00,2962.7,10,200604036926175.00,200604033582168.00
XXX,EQ,3-Apr-06,10:29:44,200604030185086.00,2962.7,1,200604036926175.00,200604036880836.00
XXX,EQ,3-Apr-06,10:29:44,200604030185087.00,2960.3,19,200604033530979.00,200604036880836.00
XXX,EQ,3-Apr-06,10:29:59,200604030186546.00,2963.25,33,200604036956910.00,200604030218490.00
XXX,EQ,3-Apr-06,10:29:59,200604030186547.00,2963.25,5,200604036956910.00,200604036955538.00
XXX,EQ,3-Apr-06,10:29:59,200604030186548.00,2964.05,5,200604036956910.00,200604030216993.00
XXX,EQ,3-Apr-06,10:29:59,200604030186549.00,2964.05,3,200604036956910.00,200604036949524.00
XXX,EQ,3-Apr-06,10:29:59,200604030186550.00,2965,1,200604036956910.00,200604030218158.00
XXX,EQ,3-Apr-06,10:29:59,200604030186551.00,2967,1,200604036956910.00,200604030212126.00
XXX,EQ,3-Apr-06,10:29:59,200604030186552.00,2967,5,200604036956910.00,200604036942838.00
XXX,EQ,3-Apr-06,10:29:59,200604030186553.00,2967,25,200604036956910.00,200604030213080.00
XXX,EQ,3-Apr-06,10:29:59,200604030186554.00,2967,5,200604036956910.00,200604036947036.00
XXX,EQ,3-Apr-06,10:29:59,200604030186555.00,2967,125,200604036956910.00,200604033577788.00
XXX,EQ,3-Apr-06,10:29:59,200604030186556.00,2967,50,200604036956910.00,200604036951804.00
XXX,EQ,3-Apr-06,10:29:59,200604030186557.00,2968,1,200604036956910.00,200604030114914.00
XXX,EQ,3-Apr-06,10:29:59,200604030186558.00,2969,2,200604036956910.00,200604036903437.00
XXX,EQ,3-Apr-06,10:29:59,200604030186559.00,2969.5,19,200604036956910.00,200604030208085.00
XXX,EQ,3-Apr-06,10:30:15,200604030187642.00,2962,1,200604030223974.00,200604036956954.00
XXX,EQ,3-Apr-06,10:30:26,200604030188570.00,2962,4,200604036929350.00,200604036956954.00
XXX,EQ,3-Apr-06,10:30:36,200604030189590.00,2962,5,200604036929350.00,200604036960710.00
XXX,EQ,3-Apr-06,10:30:41,200604030189967.00,2962,3,200604036929350.00,200604036961193.00
XXX,EQ,3-Apr-06,10:30:55,200604030190960.00,2962.7,12,200604030227166.00,200604030224051.00
XXX,EQ,3-Apr-06,10:30:59,200604030191204.00,2962.7,5,200604030227166.00,200604033589251.00
XXX,EQ,3-Apr-06,10:31:18,200604030192482.00,2965,2,200604030228958.00,200604033585723.00
XXX,EQ,3-Apr-06,10:31:20,200604030192586.00,2965,8,200604033526422.00,200604033585723.00
XXX,EQ,3-Apr-06,10:31:24,200604030192731.00,2965,10,200604033526422.00,200604033591564.00
XXX,EQ,3-Apr-06,10:31:51,200604030194411.00,2965,2,200604033526422.00,200604036968907.00
XXX,EQ,3-Apr-06,10:31:51,200604030194412.00,2965,48,200604030230891.00,200604036968907.00
XXX,EQ,3-Apr-06,10:31:59,200604030194961.00,2965,10,200604030230891.00,200604033594730.00
XXX,EQ,3-Apr-06,10:32:10,200604030195536.00,2965,2,200604030230891.00,200604030233091.00
XXX,EQ,3-Apr-06,10:32:11,200604030195622.00,2966.95,9,200604036971026.00,200604033589131.00
XXX,EQ,3-Apr-06,10:32:11,200604030195623.00,2967,21,200604036971026.00,200604033586769.00
XXX,EQ,3-Apr-06,10:32:23,200604030196439.00,2966.95,2,200604030233377.00,200604030234081.00
XXX,EQ,3-Apr-06,10:32:56,200604030198404.00,2966.8,1,200604033599547.00,200604030208085.00
XXX,EQ,3-Apr-06,10:32:56,200604030198417.00,2966.8,51,200604036975576.00,200604030208085.00
XXX,EQ,3-Apr-06,10:32:56,200604030198418.00,2967,179,200604036975576.00,200604033586769.00
XXX,EQ,3-Apr-06,10:32:56,200604030198419.00,2968,1,200604036975576.00,200604030231671.00
XXX,EQ,3-Apr-06,10:32:56,200604030198420.00,2969.95,10,200604036975576.00,200604033592094.00
XXX,EQ,3-Apr-06,10:32:56,200604030198421.00,2970,1,200604036975576.00,200604030104858.00
XXX,EQ,3-Apr-06,10:32:56,200604030198422.00,2970,5,200604036975576.00,200604033448475.00
XXX,EQ,3-Apr-06,10:32:56,200604030198423.00,2970,1,200604036975576.00,200604033451213.00
XXX,EQ,3-Apr-06,10:32:56,200604030198424.00,2970,1,200604036975576.00,200604030108924.00
XXX,EQ,3-Apr-06,10:32:56,200604030198425.00,2970,1,200604036975576.00,200604030120609.00
XXX,EQ,3-Apr-06,10:32:56,200604030198426.00,2970,10,200604036975576.00,200604033475323.00
XXX,EQ,3-Apr-06,10:32:56,200604030198427.00,2970,1,200604036975576.00,200604030138271.00
XXX,EQ,3-Apr-06,10:32:56,200604030198428.00,2970,10,200604036975576.00,200604036732288.00
XXX,EQ,3-Apr-06,10:32:56,200604030198429.00,2970,3,200604036975576.00,200604036897746.00
XXX,EQ,3-Apr-06,10:32:56,200604030198430.00,2970,10,200604036975576.00,200604036898430.00
XXX,EQ,3-Apr-06,10:32:56,200604030198431.00,2970,1,200604036975576.00,200604033555062.00
XXX,EQ,3-Apr-06,10:32:56,200604030198432.00,2970,1,200604036975576.00,200604036936279.00
XXX,EQ,3-Apr-06,10:32:56,200604030198433.00,2970,25,200604036975576.00,200604030211761.00
XXX,EQ,3-Apr-06,10:32:56,200604030198434.00,2970,15,200604036975576.00,200604036949492.00
XXX,EQ,3-Apr-06,10:32:56,200604030198435.00,2970,1,200604036975576.00,200604033555062.00
XXX,EQ,3-Apr-06,10:32:56,200604030198436.00,2971,20,200604036943312.00,200604030096564.00
XXX,EQ,3-Apr-06,10:33:00,200604030198647.00,2970,173,200604036975576.00,200604030237000.00
XXX,EQ,3-Apr-06,10:33:01,200604030198741.00,2970,1,200604033600020.00,200604030237000.00
XXX,EQ,3-Apr-06,10:33:06,200604030199074.00,2970,26,200604036976625.00,200604030237000.00
XXX,EQ,3-Apr-06,10:33:07,200604030199169.00,2970,100,200604036976625.00,200604036976710.00
XXX,EQ,3-Apr-06,10:33:08,200604030199195.00,2970,1,200604036976625.00,200604033600566.00
XXX,EQ,3-Apr-06,10:33:11,200604030199334.00,2970,200,200604036976625.00,200604033600808.00
XXX,EQ,3-Apr-06,10:33:11,200604030199352.00,2970,173,200604036976625.00,200604030237886.00
XXX,EQ,3-Apr-06,10:33:16,200604030199642.00,2970,27,200604033601224.00,200604030237886.00
XXX,EQ,3-Apr-06,10:33:16,200604030199643.00,2970,23,200604033601224.00,200604036977175.00
XXX,EQ,3-Apr-06,10:33:16,200604030199673.00,2970,6,200604030238295.00,200604036977175.00
XXX,EQ,3-Apr-06,10:33:19,200604030199795.00,2969.95,5,200604036977812.00,200604036977625.00
XXX,EQ,3-Apr-06,10:33:38,200604030201186.00,2969.95,1,200604033603003.00,200604036977625.00
XXX,EQ,3-Apr-06,10:33:39,200604030201232.00,2969.95,2,200604033603059.00,200604036977625.00
XXX,EQ,3-Apr-06,10:33:41,200604030201459.00,2965,1,200604030230891.00,200604036980075.00
XXX,EQ,3-Apr-06,10:33:42,200604030201512.00,2969.95,1,200604036980219.00,200604036977625.00
XXX,EQ,3-Apr-06,10:34:21,200604030204275.00,2967,10,200604036982246.00,200604036984027.00
XXX,EQ,3-Apr-06,10:34:42,200604030205386.00,2965,39,200604030230891.00,200604033608273.00
XXX,EQ,3-Apr-06,10:34:42,200604030205387.00,2965,11,200604036968789.00,200604033608273.00
XXX,EQ,3-Apr-06,10:34:54,200604030206207.00,2965,1,200604036968789.00,200604036987581.00
XXX,EQ,3-Apr-06,10:34:55,200604030206254.00,2967,5,200604036987692.00,200604036984167.00
XXX,EQ,3-Apr-06,10:34:55,200604030206255.00,2969,2,200604036987692.00,200604033605625.00
XXX,EQ,3-Apr-06,10:35:00,200604030206594.00,2969,23,200604036988294.00,200604033605625.00
XXX,EQ,3-Apr-06,10:35:06,200604030206860.00,2969.95,23,200604030246679.00,200604036977625.00
XXX,EQ,3-Apr-06,10:35:06,200604030206861.00,2969.95,10,200604030246679.00,200604033604840.00
XXX,EQ,3-Apr-06,10:35:06,200604030206862.00,2970,10,200604030246679.00,200604033369493.00
XXX,EQ,3-Apr-06,10:35:06,200604030206863.00,2970,1,200604030246679.00,200604030239083.00
XXX,EQ,3-Apr-06,10:35:06,200604030206864.00,2970,1,200604030246679.00,200604033602937.00
XXX,EQ,3-Apr-06,10:35:06,200604030206865.00,2970,1,200604030246679.00,200604030245764.00
XXX,EQ,3-Apr-06,10:35:06,200604030206866.00,2970,1,200604030246679.00,200604030245807.00
XXX,EQ,3-Apr-06,10:35:06,200604030206930.00,2971,1,200604036988941.00,200604036797132.00
XXX,EQ,3-Apr-06,10:35:06,200604030206931.00,2971,10,200604036988941.00,200604030136877.00
XXX,EQ,3-Apr-06,10:35:06,200604030206932.00,2972,5,200604036988941.00,200604030095922.00
XXX,EQ,3-Apr-06,10:35:12,200604030207285.00,2972,3,200604030246880.00,200604036806679.00
XXX,EQ,3-Apr-06,10:35:13,200604030207366.00,2970,16,200604030246679.00,200604030247308.00
XXX,EQ,3-Apr-06,10:35:13,200604030207367.00,2970,1,200604033610778.00,200604030247308.00
XXX,EQ,3-Apr-06,10:35:13,200604030207368.00,2970,83,200604030246679.00,200604030247308.00
XXX,EQ,3-Apr-06,10:35:14,200604030207370.00,2970,1,200604030246679.00,200604030247318.00
XXX,EQ,3-Apr-06,10:35:28,200604030208546.00,2970,29,200604030246679.00,200604030248393.00
XXX,EQ,3-Apr-06,10:35:28,200604030208547.00,2970,1,200604030247552.00,200604030248393.00
XXX,EQ,3-Apr-06,10:35:28,200604030208548.00,2970,70,200604030246679.00,200604030248393.00
XXX,EQ,3-Apr-06,10:35:30,200604030208655.00,2970,1,200604030246679.00,200604030248554.00
XXX,EQ,3-Apr-06,10:35:34,200604030208928.00,2970,4,200604030246679.00,200604030248893.00
XXX,EQ,3-Apr-06,10:35:35,200604030208990.00,2970,5,200604030246679.00,200604036991868.00
XXX,EQ,3-Apr-06,10:35:42,200604030209405.00,2970,1,200604030248886.00,200604030249505.00
XXX,EQ,3-Apr-06,10:35:42,200604030209406.00,2970,1,200604030249007.00,200604030249505.00
XXX,EQ,3-Apr-06,10:35:46,200604030209667.00,2969,6,200604036988294.00,200604036993012.00
XXX,EQ,3-Apr-06,10:35:46,200604030209668.00,2969,1,200604030246873.00,200604036993012.00
XXX,EQ,3-Apr-06,10:35:56,200604030210456.00,2969,23,200604036994158.00,200604036993012.00
XXX,EQ,3-Apr-06,10:35:56,200604030210457.00,2970,8,200604036994158.00,200604030249505.00
XXX,EQ,3-Apr-06,10:35:56,200604030210458.00,2970,1,200604036994158.00,200604030249833.00
XXX,EQ,3-Apr-06,10:35:56,200604030210459.00,2970,18,200604036994158.00,200604033613395.00
XXX,EQ,3-Apr-06,10:35:58,200604030210584.00,2965.05,20,200604033614265.00,200604036994376.00
XXX,EQ,3-Apr-06,10:36:05,200604030210920.00,2970,1,200604030251300.00,200604033613395.00
XXX,EQ,3-Apr-06,10:36:08,200604030211069.00,2965,4,200604036968789.00,200604033615161.00
XXX,EQ,3-Apr-06,10:36:23,200604030211858.00,2965,1,200604036968789.00,200604036996993.00
XXX,EQ,3-Apr-06,10:36:24,200604030211923.00,2967,1,200604036997193.00,200604030251851.00
XXX,EQ,3-Apr-06,10:36:43,200604030213118.00,2965,3,200604036968789.00,200604033617858.00
XXX,EQ,3-Apr-06,10:36:43,200604030213119.00,2965,2,200604033526422.00,200604033617858.00
XXX,EQ,3-Apr-06,10:36:52,200604030213650.00,2965,1,200604033526422.00,200604037000076.00
XXX,EQ,3-Apr-06,10:36:58,200604030213939.00,2967,145,200604033526422.00,200604030251851.00
XXX,EQ,3-Apr-06,10:37:03,200604030214177.00,2967,54,200604033619373.00,200604030251851.00
XXX,EQ,3-Apr-06,10:37:16,200604030214825.00,2967,5,200604033619373.00,200604030256742.00
XXX,EQ,3-Apr-06,10:37:19,200604030214943.00,2967,25,200604033619373.00,200604033620555.00
XXX,EQ,3-Apr-06,10:37:21,200604030215061.00,2967,3,200604033619373.00,200604030257143.00
XXX,EQ,3-Apr-06,10:38:04,200604030217710.00,2969.8,1,200604030260337.00,200604030251840.00
XXX,EQ,3-Apr-06,10:38:06,200604030217891.00,2967,2,200604033619373.00,200604030260503.00
XXX,EQ,3-Apr-06,10:38:29,200604030219863.00,2967,21,200604033619373.00,200604037009937.00
XXX,EQ,3-Apr-06,10:38:33,200604030220121.00,2969.7,50,200604037010276.00,200604030261944.00
XXX,EQ,3-Apr-06,10:39:02,200604030222186.00,2968,1,200604030126853.00,200604030264640.00
XXX,EQ,3-Apr-06,10:39:10,200604030222813.00,2969.7,10,200604037014120.00,200604030261944.00
XXX,EQ,3-Apr-06,10:39:27,200604030224261.00,2968,14,200604030126853.00,200604037015819.00
XXX,EQ,3-Apr-06,10:39:27,200604030224262.00,2967,90,200604033619373.00,200604037015819.00
XXX,EQ,3-Apr-06,10:39:27,200604030224263.00,2967,1,200604037003836.00,200604037015819.00
XXX,EQ,3-Apr-06,10:39:27,200604030224264.00,2967,1,200604037009666.00,200604037015819.00
XXX,EQ,3-Apr-06,10:39:42,200604030225291.00,2967,10,200604030267546.00,200604037015819.00
XXX,EQ,3-Apr-06,10:39:44,200604030225389.00,2967,1,200604030267701.00,200604037015819.00
XXX,EQ,3-Apr-06,10:39:47,200604030225559.00,2965,1,200604030233848.00,200604030267932.00
XXX,EQ,3-Apr-06,10:39:47,200604030225560.00,2965,1,200604030234997.00,200604030267932.00
XXX,EQ,3-Apr-06,10:39:47,200604030225561.00,2965,1,200604033601611.00,200604030267932.00
XXX,EQ,3-Apr-06,10:39:47,200604030225562.00,2965,1,200604030249476.00,200604030267932.00
XXX,EQ,3-Apr-06,10:39:47,200604030225563.00,2965,1,200604037000755.00,200604030267932.00
XXX,EQ,3-Apr-06,10:39:51,200604030225997.00,2965,5,200604030268314.00,200604030267932.00
XXX,EQ,3-Apr-06,10:39:54,200604030226120.00,2965,10,200604030268314.00,200604037018469.00
XXX,EQ,3-Apr-06,10:39:55,200604030226203.00,2967,1,200604033632874.00,200604037016329.00
XXX,EQ,3-Apr-06,10:39:55,200604030226204.00,2967,1,200604033632874.00,200604037017174.00
XXX,EQ,3-Apr-06,10:40:18,200604030227590.00,2967,1,200604033632874.00,200604033631063.00
XXX,EQ,3-Apr-06,10:40:36,200604030228815.00,2967,2,200604033632874.00,200604037022512.00
XXX,EQ,3-Apr-06,10:40:36,200604030228816.00,2967,1,200604037020160.00,200604037022512.00
XXX,EQ,3-Apr-06,10:40:36,200604030228817.00,2962.7,22,200604030227166.00,200604037022512.00
XXX,EQ,3-Apr-06,10:40:48,200604030229550.00,2967,1,200604030272423.00,200604037022899.00
XXX,EQ,3-Apr-06,10:40:48,200604030229551.00,2967,3,200604030272423.00,200604033636878.00
XXX,EQ,3-Apr-06,10:40:48,200604030229552.00,2969,5,200604030272423.00,200604030267812.00
XXX,EQ,3-Apr-06,10:40:48,200604030229553.00,2969.5,11,200604030272423.00,200604030269089.00
XXX,EQ,3-Apr-06,10:41:40,200604030232589.00,2962.7,10,200604030227166.00,200604037028650.00
XXX,EQ,3-Apr-06,10:42:12,200604030234499.00,2962.7,15,200604030227166.00,200604037031814.00
XXX,EQ,3-Apr-06,10:42:27,200604030235571.00,2962.8,83,200604037026467.00,200604037020257.00
XXX,EQ,3-Apr-06,10:43:04,200604030237931.00,2966,5,200604030282455.00,200604033613395.00
XXX,EQ,3-Apr-06,10:43:09,200604030238176.00,2962.8,10,200604037026467.00,200604030282770.00
XXX,EQ,3-Apr-06,10:43:10,200604030238306.00,2962.8,10,200604037026467.00,200604030282848.00
XXX,EQ,3-Apr-06,10:43:17,200604030238633.00,2962.8,147,200604037026467.00,200604037038105.00
XXX,EQ,3-Apr-06,10:43:17,200604030238634.00,2962.7,36,200604030227166.00,200604037038105.00
XXX,EQ,3-Apr-06,10:43:18,200604030238731.00,2960.3,1,200604033530979.00,200604037038247.00
XXX,EQ,3-Apr-06,10:43:18,200604030238732.00,2960.3,1,200604030269898.00,200604037038247.00
XXX,EQ,3-Apr-06,10:43:20,200604030238820.00,2962,5,200604030283502.00,200604037038105.00
XXX,EQ,3-Apr-06,10:43:26,200604030239203.00,2960.3,1,200604030269898.00,200604030283861.00
XXX,EQ,3-Apr-06,10:43:26,200604030239226.00,2962,5,200604030283882.00,200604037038105.00
XXX,EQ,3-Apr-06,10:43:37,200604030239714.00,2962,5,200604033649501.00,200604037038105.00
XXX,EQ,3-Apr-06,10:44:47,200604030243231.00,2960.35,5,200604036892571.00,200604037046475.00
XXX,EQ,3-Apr-06,10:44:47,200604030243232.00,2960.3,8,200604030269898.00,200604037046475.00
XXX,EQ,3-Apr-06,10:44:47,200604030243233.00,2960,1,200604033560537.00,200604037046475.00
XXX,EQ,3-Apr-06,10:44:47,200604030243234.00,2960,1,200604030210794.00,200604037046475.00
XXX,EQ,3-Apr-06,10:44:47,200604030243235.00,2960,1,200604030222972.00,200604037046475.00
XXX,EQ,3-Apr-06,10:44:47,200604030243236.00,2960,5,200604036962800.00,200604037046475.00
XXX,EQ,3-Apr-06,10:44:47,200604030243237.00,2960,1,200604033596036.00,200604037046475.00
XXX,EQ,3-Apr-06,10:44:47,200604030243238.00,2960,1,200604030233708.00,200604037046475.00
XXX,EQ,3-Apr-06,10:44:47,200604030243239.00,2960,1,200604030246057.00,200604037046475.00
XXX,EQ,3-Apr-06,10:44:47,200604030243240.00,2960,1,200604030249597.00,200604037046475.00
XXX,EQ,3-Apr-06,10:44:51,200604030243455.00,2962,2,200604030289341.00,200604037038105.00
XXX,EQ,3-Apr-06,10:44:53,200604030243527.00,2962,1,200604030289341.00,200604030289459.00
XXX,EQ,3-Apr-06,10:44:54,200604030243537.00,2962,1,200604030289341.00,200604033655108.00
XXX,EQ,3-Apr-06,10:44:55,200604030243583.00,2962,1,200604030289341.00,200604033655174.00
XXX,EQ,3-Apr-06,10:45:01,200604030243809.00,2960,1,200604030257971.00,200604030289881.00
XXX,EQ,3-Apr-06,10:45:09,200604030244171.00,2962.8,1,200604030290398.00,200604037038383.00
XXX,EQ,3-Apr-06,10:45:16,200604030244522.00,2960,1,200604030260239.00,200604030290849.00
XXX,EQ,3-Apr-06,10:45:16,200604030244523.00,2960,1,200604030262214.00,200604030290849.00
XXX,EQ,3-Apr-06,10:45:16,200604030244524.00,2960,1,200604030264587.00,200604030290849.00
XXX,EQ,3-Apr-06,10:45:16,200604030244525.00,2960,1,200604030266094.00,200604030290849.00
XXX,EQ,3-Apr-06,10:45:16,200604030244526.00,2960,1,200604030267937.00,200604030290849.00
XXX,EQ,3-Apr-06,10:45:16,200604030244527.00,2960,1,200604030277127.00,200604030290849.00
XXX,EQ,3-Apr-06,10:45:16,200604030244528.00,2960,1,200604030277157.00,200604030290849.00
XXX,EQ,3-Apr-06,10:45:16,200604030244529.00,2960,1,200604033596036.00,200604030290849.00
XXX,EQ,3-Apr-06,10:45:16,200604030244530.00,2960,1,200604030289723.00,200604030290849.00
XXX,EQ,3-Apr-06,10:45:27,200604030245016.00,2960,1,200604030291504.00,200604030291142.00
XXX,EQ,3-Apr-06,10:45:27,200604030245017.00,2960,1,200604030291504.00,200604030291414.00
XXX,EQ,3-Apr-06,10:45:41,200604030245635.00,2962.8,2,200604037051332.00,200604037038383.00
XXX,EQ,3-Apr-06,10:45:41,200604030245636.00,2965,1,200604037051332.00,200604030284381.00
XXX,EQ,3-Apr-06,10:45:41,200604030245637.00,2965,1,200604037051332.00,200604030285013.00
XXX,EQ,3-Apr-06,10:45:41,200604030245638.00,2965,1,200604037051332.00,200604030289567.00
XXX,EQ,3-Apr-06,10:45:41,200604030245639.00,2965.95,21,200604037051332.00,200604033620816.00
XXX,EQ,3-Apr-06,10:45:41,200604030245640.00,2966,26,200604037051332.00,200604033613395.00
XXX,EQ,3-Apr-06,10:45:47,200604030245878.00,2966,3,200604037051332.00,200604030292773.00
XXX,EQ,3-Apr-06,10:45:51,200604030246061.00,2967,5,200604030293042.00,200604030254268.00
XXX,EQ,3-Apr-06,10:45:51,200604030246062.00,2967,1,200604030293042.00,200604030276237.00
XXX,EQ,3-Apr-06,10:45:51,200604030246063.00,2968,5,200604030293042.00,200604033639351.00
XXX,EQ,3-Apr-06,10:45:51,200604030246064.00,2969,200,200604030293042.00,200604036811320.00
XXX,EQ,3-Apr-06,10:45:51,200604030246065.00,2970,1,200604030293042.00,200604033614583.00
XXX,EQ,3-Apr-06,10:45:51,200604030246066.00,2970,1,200604030293042.00,200604030251154.00
XXX,EQ,3-Apr-06,10:45:51,200604030246067.00,2970,1,200604030293042.00,200604030251795.00
XXX,EQ,3-Apr-06,10:45:51,200604030246068.00,2970,1,200604030293042.00,200604030261993.00
XXX,EQ,3-Apr-06,10:45:51,200604030246069.00,2970,15,200604030293042.00,200604036914981.00
XXX,EQ,3-Apr-06,10:45:51,200604030246070.00,2970,5,200604030293042.00,200604033640099.00
XXX,EQ,3-Apr-06,10:45:51,200604030246071.00,2970,1,200604030293042.00,200604030282165.00
XXX,EQ,3-Apr-06,10:45:51,200604030246072.00,2970,25,200604030293042.00,200604030284171.00
XXX,EQ,3-Apr-06,10:45:51,200604030246073.00,2970,1,200604030293042.00,200604030289701.00
XXX,EQ,3-Apr-06,10:45:52,200604030246079.00,2971.5,1,200604030292673.00,200604030096715.00
XXX,EQ,3-Apr-06,10:45:52,200604030246080.00,2972,1,200604030292673.00,200604033602825.00
XXX,EQ,3-Apr-06,10:45:52,200604030246081.00,2973,5,200604030292673.00,200604036943121.00
XXX,EQ,3-Apr-06,10:45:52,200604030246082.00,2973.2,50,200604030292673.00,200604036986469.00
XXX,EQ,3-Apr-06,10:45:52,200604030246083.00,2974,25,200604030292673.00,200604030215839.00
XXX,EQ,3-Apr-06,10:45:54,200604030246176.00,2974,2,200604030292673.00,200604037052517.00
XXX,EQ,3-Apr-06,10:45:58,200604030246346.00,2974,16,200604030292673.00,200604033659302.00
XXX,EQ,3-Apr-06,10:45:58,200604030246347.00,2966,4,200604037051332.00,200604033659302.00
XXX,EQ,3-Apr-06,10:46:07,200604030246908.00,2970,1,200604030293447.00,200604037053703.00
XXX,EQ,3-Apr-06,10:46:07,200604030246909.00,2970,1,200604030293778.00,200604037053703.00
XXX,EQ,3-Apr-06,10:46:16,200604030247315.00,2969.95,1,200604030294607.00,200604030294011.00
XXX,EQ,3-Apr-06,10:46:47,200604030248857.00,2969,5,200604030296608.00,200604030294011.00
XXX,EQ,3-Apr-06,10:46:48,200604030248905.00,2966,1,200604030293051.00,200604030294263.00
XXX,EQ,3-Apr-06,10:46:49,200604030248921.00,2966,33,200604037057567.00,200604030294263.00
XXX,EQ,3-Apr-06,10:46:49,200604030248922.00,2969,256,200604037057567.00,200604030294011.00
XXX,EQ,3-Apr-06,10:46:49,200604030248923.00,2969.9,57,200604037057567.00,200604037053703.00
XXX,EQ,3-Apr-06,10:46:49,200604030248924.00,2970,3,200604037057567.00,200604030294654.00
XXX,EQ,3-Apr-06,10:46:49,200604030248925.00,2970,1,200604037057567.00,200604030295226.00
XXX,EQ,3-Apr-06,10:46:49,200604030248926.00,2970,1,200604037057567.00,200604030295530.00
XXX,EQ,3-Apr-06,10:46:50,200604030248957.00,2970,200,200604037057567.00,200604030296759.00
XXX,EQ,3-Apr-06,10:46:54,200604030249145.00,2970,1,200604037057567.00,200604030297058.00
XXX,EQ,3-Apr-06,10:46:56,200604030249258.00,2970,200,200604037057567.00,200604030297161.00
XXX,EQ,3-Apr-06,10:46:59,200604030249357.00,2970,200,200604037057567.00,200604030297368.00
XXX,EQ,3-Apr-06,10:47:00,200604030249426.00,2970,1,200604030297313.00,200604030297449.00
XXX,EQ,3-Apr-06,10:47:00,200604030249427.00,2970,4,200604037057567.00,200604030297449.00
XXX,EQ,3-Apr-06,10:47:02,200604030249497.00,2970,200,200604037057567.00,200604030297560.00
XXX,EQ,3-Apr-06,10:47:05,200604030249599.00,2970,1,200604037057567.00,200604030297784.00
XXX,EQ,3-Apr-06,10:47:06,200604030249627.00,2970,200,200604037057567.00,200604033664000.00
XXX,EQ,3-Apr-06,10:47:06,200604030249638.00,2970,200,200604037057567.00,200604030297846.00
XXX,EQ,3-Apr-06,10:47:06,200604030249673.00,2970,10,200604037057567.00,200604030297894.00
XXX,EQ,3-Apr-06,10:47:07,200604030249685.00,2970,200,200604037057567.00,200604037059306.00
XXX,EQ,3-Apr-06,10:47:08,200604030249707.00,2973,1,200604030297982.00,200604037057837.00
XXX,EQ,3-Apr-06,10:47:08,200604030249708.00,2970,5,200604037057567.00,200604037059392.00
XXX,EQ,3-Apr-06,10:47:15,200604030250137.00,2970.05,1,200604030298232.00,200604037060083.00
XXX,EQ,3-Apr-06,10:47:16,200604030250164.00,2973,1,200604037060169.00,200604037057837.00
XXX,EQ,3-Apr-06,10:47:19,200604030250345.00,2970.05,1,200604030298232.00,200604030298797.00
XXX,EQ,3-Apr-06,10:47:20,200604030250367.00,2970.05,3,200604030298232.00,200604030298863.00
XXX,EQ,3-Apr-06,10:47:20,200604030250368.00,2970,7,200604037057567.00,200604030298863.00
XXX,EQ,3-Apr-06,10:47:26,200604030250688.00,2970,15,200604037057567.00,200604033665334.00
XXX,EQ,3-Apr-06,10:47:29,200604030250803.00,2970,173,200604037057567.00,200604030299400.00
XXX,EQ,3-Apr-06,10:47:29,200604030250804.00,2970,1,200604030297983.00,200604030299400.00
XXX,EQ,3-Apr-06,10:47:29,200604030250805.00,2970,1,200604037060373.00,200604030299400.00
XXX,EQ,3-Apr-06,10:47:29,200604030250806.00,2970,1,200604030298832.00,200604030299400.00
XXX,EQ,3-Apr-06,10:47:29,200604030250807.00,2970,24,200604037061152.00,200604030299400.00
XXX,EQ,3-Apr-06,10:47:33,200604030250979.00,2970,1,200604037061152.00,200604037061676.00
XXX,EQ,3-Apr-06,10:47:37,200604030251298.00,2970,10,200604037061152.00,200604030300007.00
XXX,EQ,3-Apr-06,10:47:57,200604030252207.00,2970,10,200604037061152.00,200604033667583.00
XXX,EQ,3-Apr-06,10:47:58,200604030252328.00,2970,2,200604037061152.00,200604037064192.00
XXX,EQ,3-Apr-06,10:48:09,200604030252828.00,2970.05,1,200604030302146.00,200604030299546.00
XXX,EQ,3-Apr-06,10:48:10,200604030252916.00,2970.05,5,200604030302146.00,200604030302251.00
XXX,EQ,3-Apr-06,10:49:03,200604030255954.00,2970.05,4,200604030302146.00,200604033672102.00
XXX,EQ,3-Apr-06,10:49:03,200604030255955.00,2970,3,200604037061152.00,200604033672102.00
XXX,EQ,3-Apr-06,10:49:03,200604030255956.00,2970,33,200604037057567.00,200604033672102.00
XXX,EQ,3-Apr-06,10:49:03,200604030255957.00,2970,1,200604030299776.00,200604033672102.00
XXX,EQ,3-Apr-06,10:49:03,200604030255958.00,2970,1,200604030300779.00,200604033672102.00
XXX,EQ,3-Apr-06,10:49:03,200604030255959.00,2970,1,200604037063861.00,200604033672102.00
XXX,EQ,3-Apr-06,10:49:23,200604030257154.00,2969,5,200604037072207.00,200604030307128.00
XXX,EQ,3-Apr-06,10:49:28,200604030257400.00,2969,1,200604030307538.00,200604030307128.00
XXX,EQ,3-Apr-06,10:49:36,200604030257879.00,2968,1,200604030306837.00,200604033672102.00
XXX,EQ,3-Apr-06,10:49:49,200604030258739.00,2967,1,200604030306708.00,200604033672102.00
XXX,EQ,3-Apr-06,10:49:49,200604030258740.00,2966,1,200604030306373.00,200604033672102.00
XXX,EQ,3-Apr-06,10:49:49,200604030258741.00,2965.35,52,200604030294755.00,200604033672102.00
XXX,EQ,3-Apr-06,10:49:49,200604030258742.00,2965.25,200,200604033671622.00,200604033672102.00
XXX,EQ,3-Apr-06,10:49:49,200604030258743.00,2965,1,200604030294282.00,200604033672102.00
XXX,EQ,3-Apr-06,10:49:49,200604030258744.00,2965,1,200604030294665.00,200604033672102.00
XXX,EQ,3-Apr-06,10:49:49,200604030258745.00,2965,1,200604030297492.00,200604033672102.00
XXX,EQ,3-Apr-06,10:49:49,200604030258746.00,2965,1,200604030308167.00,200604033672102.00
XXX,EQ,3-Apr-06,10:49:51,200604030258941.00,2965,10,200604037074728.00,200604033672102.00
XXX,EQ,3-Apr-06,10:50:40,200604030261980.00,2967.95,1,200604037079389.00,200604033677890.00
XXX,EQ,3-Apr-06,10:51:10,200604030264166.00,2963.05,1,200604033679527.00,200604037082182.00
XXX,EQ,3-Apr-06,10:51:11,200604030264234.00,2967.75,1,200604037082280.00,200604033672102.00
XXX,EQ,3-Apr-06,10:51:13,200604030264465.00,2963,50,200604033678333.00,200604030056447.00
XXX,EQ,3-Apr-06,10:51:18,200604030264910.00,2963.1,1,200604033681067.00,200604033681664.00
XXX,EQ,3-Apr-06,10:51:50,200604030267165.00,2963.15,2,200604033678333.00,200604030317314.00
XXX,EQ,3-Apr-06,10:52:08,200604030268200.00,2963.15,75,200604033678333.00,200604033672102.00
XXX,EQ,3-Apr-06,10:52:08,200604030268201.00,2963.1,8,200604033681067.00,200604033672102.00
XXX,EQ,3-Apr-06,10:52:15,200604030268540.00,2963.1,11,200604033681067.00,200604037088414.00
XXX,EQ,3-Apr-06,10:52:20,200604030268851.00,2962.8,1,200604030293551.00,200604037071148.00
XXX,EQ,3-Apr-06,10:52:31,200604030269534.00,2962.8,4,200604030293551.00,200604037088414.00
XXX,EQ,3-Apr-06,10:52:31,200604030269535.00,2962,8,200604037064362.00,200604037088414.00
XXX,EQ,3-Apr-06,10:52:31,200604030269536.00,2961,10,200604037087343.00,200604037088414.00
XXX,EQ,3-Apr-06,10:52:31,200604030269537.00,2960.25,52,200604036909405.00,200604037088414.00
XXX,EQ,3-Apr-06,10:53:45,200604030273295.00,2967.95,5,200604037096420.00,200604033677890.00
XXX,EQ,3-Apr-06,10:53:53,200604030273599.00,2963,1,200604030320689.00,200604030325663.00
XXX,EQ,3-Apr-06,10:53:53,200604030273600.00,2963,2,200604033689832.00,200604030325663.00
XXX,EQ,3-Apr-06,10:53:58,200604030274048.00,2963,2,200604033689832.00,200604033693046.00
XXX,EQ,3-Apr-06,10:54:13,200604030274805.00,2963,6,200604033689832.00,200604033694131.00
XXX,EQ,3-Apr-06,10:54:21,200604030275243.00,2960.25,4,200604036909405.00,200604030327140.00
XXX,EQ,3-Apr-06,10:54:21,200604030275244.00,2960.15,6,200604033693101.00,200604030327140.00
XXX,EQ,3-Apr-06,10:54:34,200604030275924.00,2961,14,200604037100240.00,200604033694131.00
XXX,EQ,3-Apr-06,10:54:44,200604030276504.00,2961,10,200604037100240.00,200604033696347.00
XXX,EQ,3-Apr-06,10:54:57,200604030277007.00,2961,10,200604037100240.00,200604033697254.00
XXX,EQ,3-Apr-06,10:54:57,200604030277025.00,2961,10,200604037100240.00,200604030330105.00
XXX,EQ,3-Apr-06,10:55:01,200604030277204.00,2963,25,200604033697499.00,200604033482937.00
XXX,EQ,3-Apr-06,10:55:01,200604030277237.00,2961,56,200604037100240.00,200604033697558.00
XXX,EQ,3-Apr-06,10:55:01,200604030277238.00,2960.55,144,200604037027877.00,200604033697558.00
XXX,EQ,3-Apr-06,10:55:03,200604030277308.00,2961,6,200604030330514.00,200604033697579.00
XXX,EQ,3-Apr-06,10:55:12,200604030277744.00,2962.3,5,200604033697981.00,200604033482937.00
XXX,EQ,3-Apr-06,10:55:14,200604030277818.00,2961,5,200604030331267.00,200604033482937.00
XXX,EQ,3-Apr-06,10:55:26,200604030278382.00,2961,65,200604030332088.00,200604033482937.00
XXX,EQ,3-Apr-06,10:56:38,200604030282408.00,2963,1,200604030330514.00,200604030331096.00
XXX,EQ,3-Apr-06,10:57:02,200604030283905.00,2965,1,200604030335819.00,200604030336326.00
XXX,EQ,3-Apr-06,10:57:02,200604030283906.00,2965.9,65,200604030335819.00,200604030333415.00
XXX,EQ,3-Apr-06,10:57:11,200604030284464.00,2966,5,200604030335819.00,200604033706454.00
XXX,EQ,3-Apr-06,10:57:13,200604030284514.00,2966,10,200604030335819.00,200604033706574.00
XXX,EQ,3-Apr-06,10:57:15,200604030284596.00,2966,6,200604030335819.00,200604030339463.00
XXX,EQ,3-Apr-06,10:57:49,200604030286186.00,2966,100,200604030335819.00,200604033709121.00
XXX,EQ,3-Apr-06,10:58:05,200604030287071.00,2967,10,200604037119733.00,200604037100772.00
XXX,EQ,3-Apr-06,10:58:14,200604030287449.00,2969,4,200604037120563.00,200604030307128.00
XXX,EQ,3-Apr-06,10:58:14,200604030287450.00,2969,1,200604037120563.00,200604033675666.00
XXX,EQ,3-Apr-06,10:58:14,200604030287451.00,2969,45,200604037120563.00,200604033708231.00
XXX,EQ,3-Apr-06,10:58:32,200604030288374.00,2968.8,7,200604037122082.00,200604030343597.00
XXX,EQ,3-Apr-06,10:58:32,200604030288375.00,2969,55,200604037122082.00,200604033708231.00
XXX,EQ,3-Apr-06,10:58:32,200604030288376.00,2969.95,20,200604037122082.00,200604033682238.00
XXX,EQ,3-Apr-06,10:58:32,200604030288377.00,2970,1,200604037122082.00,200604030309570.00
XXX,EQ,3-Apr-06,10:58:32,200604030288378.00,2970,17,200604037122082.00,200604037086550.00
XXX,EQ,3-Apr-06,10:58:45,200604030289175.00,2970,4,200604033712995.00,200604037086550.00
XXX,EQ,3-Apr-06,10:58:45,200604030289176.00,2970,1,200604033712995.00,200604030321243.00
XXX,EQ,3-Apr-06,10:58:45,200604030289177.00,2970,1,200604033712995.00,200604030332603.00
XXX,EQ,3-Apr-06,10:58:45,200604030289178.00,2970,1,200604033712995.00,200604030337621.00
XXX,EQ,3-Apr-06,10:58:47,200604030289240.00,2970,8,200604033712995.00,200604037123348.00
XXX,EQ,3-Apr-06,10:58:47,200604030289241.00,2967.05,20,200604033713038.00,200604037123348.00
XXX,EQ,3-Apr-06,10:58:47,200604030289242.00,2967,100,200604037117340.00,200604037123348.00
XXX,EQ,3-Apr-06,10:58:47,200604030289243.00,2967,1,200604037122023.00,200604037123348.00
XXX,EQ,3-Apr-06,10:58:54,200604030289824.00,2967,1,200604030346175.00,200604037123348.00
XXX,EQ,3-Apr-06,10:58:57,200604030289930.00,2967,5,200604037124184.00,200604037123348.00
XXX,EQ,3-Apr-06,10:59:06,200604030290422.00,2966,5,200604030335819.00,200604037124908.00
XXX,EQ,3-Apr-06,10:59:16,200604030290770.00,2967,10,200604033714936.00,200604037123348.00
XXX,EQ,3-Apr-06,10:59:35,200604030291635.00,2966,8,200604030335819.00,200604033713524.00
XXX,EQ,3-Apr-06,11:00:00,200604030292780.00,2965,1,200604030345149.00,200604030350276.00
XXX,EQ,3-Apr-06,11:00:00,200604030292781.00,2964,4,200604033709928.00,200604030350276.00
XXX,EQ,3-Apr-06,11:00:16,200604030293455.00,2964.75,10,200604030351289.00,200604030350551.00
XXX,EQ,3-Apr-06,11:00:16,200604030293456.00,2965,1,200604030351289.00,200604030350736.00
XXX,EQ,3-Apr-06,11:00:50,200604030294770.00,2968.7,1,200604037133673.00,200604033719115.00
XXX,EQ,3-Apr-06,11:01:10,200604030295511.00,2967,1,200604033722492.00,200604033721310.00
XXX,EQ,3-Apr-06,11:01:21,200604030295938.00,2968.5,3,200604033723171.00,200604033722259.00
XXX,EQ,3-Apr-06,11:01:34,200604030296459.00,2966.75,145,200604037132595.00,200604037137308.00
XXX,EQ,3-Apr-06,11:01:34,200604030296460.00,2966,4,200604030351289.00,200604037137308.00
XXX,EQ,3-Apr-06,11:02:13,200604030298047.00,2965,1,200604033722492.00,200604037140487.00
XXX,EQ,3-Apr-06,11:02:33,200604030299027.00,2962,2,200604037109242.00,200604030359931.00
XXX,EQ,3-Apr-06,11:02:38,200604030299185.00,2962,1,200604037142579.00,200604030359931.00
XXX,EQ,3-Apr-06,11:02:46,200604030299698.00,2961,2,200604033709928.00,200604037139278.00
XXX,EQ,3-Apr-06,11:02:55,200604030299996.00,2962,47,200604033729052.00,200604030359931.00
XXX,EQ,3-Apr-06,11:02:55,200604030299997.00,2962,100,200604033729052.00,200604030360323.00
XXX,EQ,3-Apr-06,11:02:55,200604030299998.00,2962,1,200604033729052.00,200604037143716.00
XXX,EQ,3-Apr-06,11:02:55,200604030299999.00,2962,52,200604033729052.00,200604030361128.00
XXX,EQ,3-Apr-06,11:02:56,200604030300052.00,2962,1,200604030361471.00,200604030361128.00
XXX,EQ,3-Apr-06,11:03:06,200604030300482.00,2961,4,200604033709928.00,200604030362141.00
XXX,EQ,3-Apr-06,11:03:06,200604030300483.00,2960.6,46,200604037143122.00,200604030362141.00
XXX,EQ,3-Apr-06,11:03:22,200604030301329.00,2962,9,200604033730812.00,200604030361128.00
XXX,EQ,3-Apr-06,11:03:24,200604030301389.00,2961,1,200604036832063.00,200604033730916.00
XXX,EQ,3-Apr-06,11:03:27,200604030301522.00,2962,10,200604033731123.00,200604030361128.00
XXX,EQ,3-Apr-06,11:03:27,200604030301537.00,2961,25,200604036832063.00,200604030363496.00
XXX,EQ,3-Apr-06,11:03:35,200604030301732.00,2962,1,200604037147492.00,200604030361128.00
XXX,EQ,3-Apr-06,11:03:48,200604030302268.00,2962,10,200604030364803.00,200604030361128.00
XXX,EQ,3-Apr-06,11:04:02,200604030303116.00,2962,17,200604037143122.00,200604030361128.00
XXX,EQ,3-Apr-06,11:04:47,200604030304959.00,2965,1,200604037153398.00,200604030362326.00
XXX,EQ,3-Apr-06,11:04:47,200604030304960.00,2966,2,200604037153398.00,200604033724019.00
XXX,EQ,3-Apr-06,11:04:47,200604030304961.00,2968,8,200604037153398.00,200604037092727.00
XXX,EQ,3-Apr-06,11:04:47,200604030304962.00,2969.7,19,200604037153398.00,200604033713622.00
XXX,EQ,3-Apr-06,11:05:22,200604030306389.00,2969,15,200604037156134.00,200604033736751.00
XXX,EQ,3-Apr-06,11:05:24,200604030306428.00,2965,15,200604030369080.00,200604037156274.00
XXX,EQ,3-Apr-06,11:05:50,200604030307710.00,2965,20,200604037158304.00,200604037156274.00
XXX,EQ,3-Apr-06,11:06:05,200604030308615.00,2965,5,200604037159547.00,200604037156274.00
XXX,EQ,3-Apr-06,11:06:37,200604030310233.00,2965,1,200604030375040.00,200604037156274.00
XXX,EQ,3-Apr-06,11:06:51,200604030310771.00,2965,10,200604033743558.00,200604037156274.00
XXX,EQ,3-Apr-06,11:06:52,200604030310816.00,2965,149,200604033732012.00,200604037156274.00
XXX,EQ,3-Apr-06,11:07:00,200604030311181.00,2965.5,51,200604033732012.00,200604033744093.00
XXX,EQ,3-Apr-06,11:07:23,200604030312048.00,2965,10,200604030376645.00,200604037166133.00
XXX,EQ,3-Apr-06,11:07:34,200604030312763.00,2969,1,200604030378377.00,200604037165959.00
XXX,EQ,3-Apr-06,11:07:46,200604030313217.00,2968.9,50,200604037168003.00,200604030377978.00
XXX,EQ,3-Apr-06,11:07:46,200604030313218.00,2969,50,200604037168003.00,200604037165959.00
XXX,EQ,3-Apr-06,11:08:53,200604030315997.00,2967.95,24,200604033750807.00,200604030380313.00
XXX,EQ,3-Apr-06,11:08:53,200604030315998.00,2968,34,200604033750807.00,200604033750048.00
XXX,EQ,3-Apr-06,11:08:53,200604030315999.00,2968.4,42,200604033750807.00,200604037158200.00
XXX,EQ,3-Apr-06,11:09:57,200604030319307.00,2967.8,1,200604030386510.00,200604037171519.00
XXX,EQ,3-Apr-06,11:11:29,200604030323653.00,2963.1,20,200604037180944.00,200604030391769.00
XXX,EQ,3-Apr-06,11:11:30,200604030323720.00,2963.1,21,200604037180944.00,200604030391862.00
XXX,EQ,3-Apr-06,11:11:30,200604030323721.00,2963,5,200604037163179.00,200604030391862.00
XXX,EQ,3-Apr-06,11:11:30,200604030323722.00,2961.7,1,200604033658749.00,200604030391862.00
XXX,EQ,3-Apr-06,11:13:07,200604030327963.00,2963.25,10,200604033736792.00,200604037191963.00
XXX,EQ,3-Apr-06,11:14:05,200604030330074.00,2961.7,49,200604033658749.00,200604037171519.00
XXX,EQ,3-Apr-06,11:14:05,200604030330075.00,2961.6,10,200604030370540.00,200604037171519.00
XXX,EQ,3-Apr-06,11:14:05,200604030330076.00,2961,2,200604036832063.00,200604037171519.00
XXX,EQ,3-Apr-06,11:14:05,200604030330077.00,2961,2,200604036832063.00,200604033766978.00
XXX,EQ,3-Apr-06,11:14:05,200604030330078.00,2961,1,200604037146538.00,200604033766978.00
XXX,EQ,3-Apr-06,11:14:05,200604030330079.00,2961,1,200604033731919.00,200604033766978.00
XXX,EQ,3-Apr-06,11:14:05,200604030330080.00,2961,1,200604030367169.00,200604033766978.00
XXX,EQ,3-Apr-06,11:14:05,200604030330081.00,2961,1,200604030368721.00,200604033766978.00
XXX,EQ,3-Apr-06,11:14:18,200604030330810.00,2960.55,4,200604037027877.00,200604033766978.00
XXX,EQ,3-Apr-06,11:14:21,200604030330948.00,2963,25,200604037197009.00,200604037196600.00
XXX,EQ,3-Apr-06,11:14:29,200604030331327.00,2963,1,200604037197009.00,200604030401507.00
XXX,EQ,3-Apr-06,11:14:44,200604030331930.00,2963.25,2,200604037198714.00,200604037191963.00
XXX,EQ,3-Apr-06,11:15:09,200604030332928.00,2963.25,10,200604033769146.00,200604037191963.00
XXX,EQ,3-Apr-06,11:15:11,200604030332977.00,2963,5,200604037197009.00,200604030403831.00
XXX,EQ,3-Apr-06,11:15:55,200604030335161.00,2963,28,200604037197009.00,200604037191963.00
XXX,EQ,3-Apr-06,11:16:44,200604030337347.00,2963,2,200604037197009.00,200604033776748.00
XXX,EQ,3-Apr-06,11:16:45,200604030337376.00,2964.95,39,200604037207854.00,200604033769466.00
XXX,EQ,3-Apr-06,11:16:45,200604030337377.00,2965,1,200604037207854.00,200604030401201.00
XXX,EQ,3-Apr-06,11:16:45,200604030337378.00,2965,25,200604037207854.00,200604033775102.00
XXX,EQ,3-Apr-06,11:17:11,200604030338322.00,2966.9,10,200604030409881.00,200604030404050.00
XXX,EQ,3-Apr-06,11:17:11,200604030338323.00,2966.95,10,200604030409881.00,200604033765609.00
XXX,EQ,3-Apr-06,11:17:11,200604030338324.00,2967,30,200604030409881.00,200604030400346.00
XXX,EQ,3-Apr-06,11:17:24,200604030338825.00,2966.85,10,200604037197009.00,200604033778671.00
XXX,EQ,3-Apr-06,11:17:24,200604030338826.00,2967,20,200604037197009.00,200604030400346.00
XXX,EQ,3-Apr-06,11:17:24,200604030338827.00,2967,9,200604037197009.00,200604033778825.00
XXX,EQ,3-Apr-06,11:18:11,200604030340335.00,2967,1,200604033779943.00,200604033778825.00
XXX,EQ,3-Apr-06,11:18:56,200604030341779.00,2967,9,200604033779943.00,200604033783950.00
XXX,EQ,3-Apr-06,11:19:09,200604030342278.00,2966,35,200604037207854.00,200604033713275.00
XXX,EQ,3-Apr-06,11:19:09,200604030342279.00,2965,1,200604030409859.00,200604033713275.00
XXX,EQ,3-Apr-06,11:20:17,200604030344604.00,2967,10,200604033788542.00,200604033713275.00
XXX,EQ,3-Apr-06,11:20:55,200604030346128.00,2965,25,200604030418745.00,200604033790693.00
XXX,EQ,3-Apr-06,11:21:47,200604030348624.00,2965,5,200604037230015.00,200604033790693.00
XXX,EQ,3-Apr-06,11:21:47,200604030348625.00,2966.95,5,200604037230015.00,200604037225361.00
XXX,EQ,3-Apr-06,11:22:33,200604030350731.00,2963,1,200604033717192.00,200604033796155.00
XXX,EQ,3-Apr-06,11:22:33,200604030350732.00,2963,10,200604033785896.00,200604033796155.00
XXX,EQ,3-Apr-06,11:22:55,200604030351614.00,2963,5,200604030429583.00,200604033796155.00
XXX,EQ,3-Apr-06,11:22:56,200604030351688.00,2963,5,200604037235033.00,200604033796155.00
XXX,EQ,3-Apr-06,11:23:04,200604030352010.00,2962,1,200604030402524.00,200604033796155.00
XXX,EQ,3-Apr-06,11:23:04,200604030352011.00,2961.55,1,200604030424745.00,200604033796155.00
XXX,EQ,3-Apr-06,11:23:04,200604030352012.00,2961.55,2,200604033777724.00,200604033796155.00
XXX,EQ,3-Apr-06,11:23:05,200604030352031.00,2961.55,20,200604033777724.00,200604033797982.00
XXX,EQ,3-Apr-06,11:23:34,200604030353433.00,2962,5,200604037236885.00,200604037237975.00
XXX,EQ,3-Apr-06,11:24:12,200604030355253.00,2962,1,200604037236885.00,200604030433683.00
XXX,EQ,3-Apr-06,11:25:28,200604030357919.00,2962,10,200604037236885.00,200604036923279.00
XXX,EQ,3-Apr-06,11:25:28,200604030357924.00,2966.95,22,200604033805563.00,200604033799232.00
XXX,EQ,3-Apr-06,11:25:28,200604030357925.00,2967,5,200604033805563.00,200604033713275.00
XXX,EQ,3-Apr-06,11:25:28,200604030357926.00,2967,10,200604033805563.00,200604037219856.00
XXX,EQ,3-Apr-06,11:25:28,200604030357927.00,2967,4,200604033805563.00,200604037220103.00
XXX,EQ,3-Apr-06,11:25:28,200604030357928.00,2967,100,200604033805563.00,200604030428126.00
XXX,EQ,3-Apr-06,11:25:28,200604030357929.00,2967,10,200604033805563.00,200604033798685.00
XXX,EQ,3-Apr-06,11:25:28,200604030357930.00,2967,15,200604033805563.00,200604033713275.00
XXX,EQ,3-Apr-06,11:25:28,200604030357931.00,2967,1,200604033805563.00,200604037220103.00
XXX,EQ,3-Apr-06,11:25:28,200604030357932.00,2967,20,200604033805563.00,200604033713275.00
XXX,EQ,3-Apr-06,11:25:41,200604030358340.00,2967,10,200604033805563.00,200604030438443.00
XXX,EQ,3-Apr-06,11:25:47,200604030358606.00,2967,3,200604033805563.00,200604033806513.00
XXX,EQ,3-Apr-06,11:27:31,200604030362504.00,2965,7,200604037255308.00,200604033806513.00
XXX,EQ,3-Apr-06,11:28:33,200604030364982.00,2962.55,10,200604033777724.00,200604033815556.00
XXX,EQ,3-Apr-06,11:28:41,200604030365236.00,2962.55,18,200604033777724.00,200604037260492.00
XXX,EQ,3-Apr-06,11:28:42,200604030365383.00,2962.5,3,200604033811463.00,200604033816028.00
XXX,EQ,3-Apr-06,11:28:57,200604030365812.00,2962.55,33,200604030448865.00,200604037260492.00
XXX,EQ,3-Apr-06,11:29:22,200604030366835.00,2962.5,7,200604033811463.00,200604030449640.00
XXX,EQ,3-Apr-06,11:29:22,200604030366836.00,2962.1,3,200604030420422.00,200604030449640.00
XXX,EQ,3-Apr-06,11:29:48,200604030367705.00,2962.25,20,200604030451513.00,200604037265024.00
XXX,EQ,3-Apr-06,11:30:39,200604030369475.00,2963,2,200604037267336.00,200604037269323.00
XXX,EQ,3-Apr-06,11:30:39,200604030369476.00,2962.55,8,200604030451513.00,200604037269323.00
XXX,EQ,3-Apr-06,11:31:01,200604030370384.00,2964,1,200604037236885.00,200604037256813.00
XXX,EQ,3-Apr-06,11:31:01,200604030370385.00,2965,1,200604037236885.00,200604030449645.00
XXX,EQ,3-Apr-06,11:31:03,200604030370430.00,2965,10,200604037236885.00,200604033823475.00
XXX,EQ,3-Apr-06,11:31:47,200604030372227.00,2965,61,200604037236885.00,200604030457978.00
XXX,EQ,3-Apr-06,11:32:04,200604030372856.00,2965,11,200604037236885.00,200604033826615.00
XXX,EQ,3-Apr-06,11:32:13,200604030373417.00,2965,5,200604037276020.00,200604033826615.00
XXX,EQ,3-Apr-06,11:32:24,200604030373814.00,2962.1,47,200604030420422.00,200604033827784.00
XXX,EQ,3-Apr-06,11:32:24,200604030373815.00,2962,10,200604033809256.00,200604033827784.00
XXX,EQ,3-Apr-06,11:32:24,200604030373816.00,2962,1,200604037262340.00,200604033827784.00
XXX,EQ,3-Apr-06,11:32:30,200604030373996.00,2961,1,200604030402658.00,200604033827784.00
XXX,EQ,3-Apr-06,11:32:30,200604030373997.00,2961,22,200604037253376.00,200604033827784.00
XXX,EQ,3-Apr-06,11:32:30,200604030373998.00,2960.55,4,200604037027877.00,200604033827784.00
XXX,EQ,3-Apr-06,11:32:36,200604030374254.00,2964.9,200,200604033828461.00,200604037271442.00
XXX,EQ,3-Apr-06,11:32:50,200604030374762.00,2965,25,200604033828461.00,200604030461009.00
XXX,EQ,3-Apr-06,11:32:53,200604030374847.00,2966,10,200604033829307.00,200604037278828.00
XXX,EQ,3-Apr-06,11:32:54,200604030374894.00,2966,100,200604037279154.00,200604037278828.00
XXX,EQ,3-Apr-06,11:32:55,200604030374938.00,2965,30,200604033828461.00,200604033817549.00
XXX,EQ,3-Apr-06,11:33:07,200604030375358.00,2965,145,200604033828461.00,200604037280131.00
XXX,EQ,3-Apr-06,11:33:07,200604030375359.00,2965,5,200604037279232.00,200604037280131.00
XXX,EQ,3-Apr-06,11:33:49,200604030376880.00,2965,10,200604030464851.00,200604030464729.00
XXX,EQ,3-Apr-06,11:34:37,200604030379562.00,2965.95,1,200604037287021.00,200604037283331.00
XXX,EQ,3-Apr-06,11:35:11,200604030381555.00,2963.95,2,200604037289703.00,200604033836289.00
XXX,EQ,3-Apr-06,11:35:34,200604030382812.00,2966,50,200604037289703.00,200604037291496.00
XXX,EQ,3-Apr-06,11:35:42,200604030383171.00,2966,48,200604037289703.00,200604037278828.00
XXX,EQ,3-Apr-06,11:35:57,200604030383930.00,2967,2,200604030472448.00,200604037247800.00
XXX,EQ,3-Apr-06,11:36:04,200604030384244.00,2967.9,2,200604037293698.00,200604037251115.00
XXX,EQ,3-Apr-06,11:36:04,200604030384245.00,2968,100,200604037293698.00,200604033762519.00
XXX,EQ,3-Apr-06,11:36:11,200604030384695.00,2968,2,200604037293698.00,200604037294254.00
XXX,EQ,3-Apr-06,11:36:14,200604030384895.00,2968,22,200604037293698.00,200604037294443.00
XXX,EQ,3-Apr-06,11:36:16,200604030385045.00,2968.9,98,200604030472448.00,200604037291257.00
XXX,EQ,3-Apr-06,11:36:25,200604030385519.00,2968.9,1,200604033842103.00,200604037291257.00
XXX,EQ,3-Apr-06,11:36:29,200604030385780.00,2968,1,200604037293698.00,200604037295582.00
XXX,EQ,3-Apr-06,11:36:30,200604030385863.00,2968.9,1,200604037295645.00,200604037291257.00
XXX,EQ,3-Apr-06,11:36:30,200604030385878.00,2968,10,200604037293698.00,200604033756828.00
XXX,EQ,3-Apr-06,11:36:30,200604030385917.00,2968,10,200604037293698.00,200604033842419.00
XXX,EQ,3-Apr-06,11:36:33,200604030386123.00,2968.9,100,200604033842620.00,200604037291257.00
XXX,EQ,3-Apr-06,11:36:35,200604030386204.00,2969,2,200604030474559.00,200604030409189.00
XXX,EQ,3-Apr-06,11:36:35,200604030386205.00,2969,1,200604030474559.00,200604037294022.00
XXX,EQ,3-Apr-06,11:36:35,200604030386206.00,2969.5,5,200604030474559.00,200604033826596.00
XXX,EQ,3-Apr-06,11:36:35,200604030386207.00,2969.95,40,200604030474559.00,200604037294668.00
XXX,EQ,3-Apr-06,11:36:35,200604030386208.00,2970,1,200604030474559.00,200604030346717.00
XXX,EQ,3-Apr-06,11:36:35,200604030386209.00,2970,1,200604030474559.00,200604030346797.00
XXX,EQ,3-Apr-06,11:36:35,200604030386210.00,2970,5,200604030474559.00,200604030347488.00
XXX,EQ,3-Apr-06,11:36:35,200604030386211.00,2970,1,200604030474559.00,200604030350839.00
XXX,EQ,3-Apr-06,11:36:35,200604030386212.00,2970,1,200604030474559.00,200604030350899.00
XXX,EQ,3-Apr-06,11:36:35,200604030386213.00,2970,1,200604030474559.00,200604030361152.00
XXX,EQ,3-Apr-06,11:36:35,200604030386214.00,2970,1,200604030474559.00,200604030362428.00
XXX,EQ,3-Apr-06,11:36:35,200604030386215.00,2970,10,200604030474559.00,200604037157403.00
XXX,EQ,3-Apr-06,11:36:35,200604030386216.00,2970,1,200604030474559.00,200604030384953.00
XXX,EQ,3-Apr-06,11:36:35,200604030386217.00,2970,25,200604030474559.00,200604033757005.00
XXX,EQ,3-Apr-06,11:36:35,200604030386218.00,2970,15,200604030474559.00,200604033758711.00
XXX,EQ,3-Apr-06,11:36:35,200604030386219.00,2970,5,200604030474559.00,200604037193947.00
XXX,EQ,3-Apr-06,11:36:35,200604030386220.00,2970,20,200604030474559.00,200604033791686.00
XXX,EQ,3-Apr-06,11:36:35,200604030386221.00,2970,30,200604030474559.00,200604037177636.00
XXX,EQ,3-Apr-06,11:36:36,200604030386309.00,2970,5,200604030474559.00,200604033842783.00
XXX,EQ,3-Apr-06,11:36:42,200604030386807.00,2970.05,1,200604037296402.00,200604030307416.00
XXX,EQ,3-Apr-06,11:36:42,200604030386808.00,2970.05,8,200604037296402.00,200604033680553.00
XXX,EQ,3-Apr-06,11:36:42,200604030386809.00,2970.05,5,200604037296402.00,200604037136497.00
XXX,EQ,3-Apr-06,11:36:43,200604030386820.00,2971,2,200604030475005.00,200604030010387.00
XXX,EQ,3-Apr-06,11:36:45,200604030386878.00,2970.1,2,200604037296402.00,200604037296886.00
XXX,EQ,3-Apr-06,11:36:45,200604030386888.00,2971,48,200604030475106.00,200604030010387.00
XXX,EQ,3-Apr-06,11:36:45,200604030386889.00,2971,1,200604030475106.00,200604037296905.00
XXX,EQ,3-Apr-06,11:36:59,200604030387688.00,2971,30,200604030474559.00,200604030475953.00
XXX,EQ,3-Apr-06,11:37:13,200604030388293.00,2969.9,10,200604037299073.00,200604030476619.00
XXX,EQ,3-Apr-06,11:37:30,200604030389245.00,2969.9,4,200604033846140.00,200604030476619.00
XXX,EQ,3-Apr-06,11:37:30,200604030389246.00,2970,1,200604033846140.00,200604037298271.00
XXX,EQ,3-Apr-06,11:37:43,200604030389768.00,2965,1,200604033845431.00,200604037301199.00
XXX,EQ,3-Apr-06,11:37:52,200604030390160.00,2965.55,1,200604037299408.00,200604030478971.00
XXX,EQ,3-Apr-06,11:38:07,200604030391090.00,2965.6,1,200604033830802.00,200604037303022.00
XXX,EQ,3-Apr-06,11:38:10,200604030391183.00,2965.6,1,200604033830802.00,200604037303211.00
XXX,EQ,3-Apr-06,11:38:29,200604030392445.00,2969.95,2,200604030481017.00,200604033849226.00
XXX,EQ,3-Apr-06,11:38:29,200604030392446.00,2970,15,200604030481017.00,200604037298271.00
XXX,EQ,3-Apr-06,11:38:32,200604030392623.00,2970,1,200604030481017.00,200604030481165.00
XXX,EQ,3-Apr-06,11:38:38,200604030392919.00,2970,10,200604030481017.00,200604037305328.00
XXX,EQ,3-Apr-06,11:38:39,200604030392950.00,2970,1,200604030481017.00,200604030481557.00
XXX,EQ,3-Apr-06,11:38:46,200604030393240.00,2972,1,200604030481017.00,200604030301471.00
XXX,EQ,3-Apr-06,11:38:46,200604030393241.00,2972,5,200604030481017.00,200604037074220.00
XXX,EQ,3-Apr-06,11:38:46,200604030393242.00,2972.5,50,200604030481017.00,200604036999662.00
XXX,EQ,3-Apr-06,11:38:46,200604030393243.00,2972.9,5,200604030481017.00,200604033407638.00
XXX,EQ,3-Apr-06,11:38:46,200604030393244.00,2973,48,200604030481017.00,200604037057837.00
XXX,EQ,3-Apr-06,11:38:54,200604030393607.00,2973,10,200604030481017.00,200604033850980.00
XXX,EQ,3-Apr-06,11:39:00,200604030393872.00,2973,5,200604030481017.00,200604033851347.00
XXX,EQ,3-Apr-06,11:39:01,200604030393916.00,2973,1,200604030481017.00,200604037306925.00
XXX,EQ,3-Apr-06,11:39:03,200604030394033.00,2974,1,200604030481017.00,200604037059730.00
XXX,EQ,3-Apr-06,11:39:03,200604030394034.00,2974.5,20,200604030481017.00,200604037097518.00
XXX,EQ,3-Apr-06,11:39:03,200604030394035.00,2974.95,25,200604030481017.00,200604033666474.00
XXX,EQ,3-Apr-06,11:39:05,200604030394124.00,2975,1,200604037307212.00,200604030081470.00
XXX,EQ,3-Apr-06,11:39:05,200604030394125.00,2975,1,200604037307212.00,200604030081598.00
XXX,EQ,3-Apr-06,11:39:05,200604030394126.00,2975,1,200604037307212.00,200604030089990.00
XXX,EQ,3-Apr-06,11:39:05,200604030394127.00,2975,1,200604037307212.00,200604030100016.00
XXX,EQ,3-Apr-06,11:39:05,200604030394128.00,2975,1,200604037307212.00,200604036795580.00
XXX,EQ,3-Apr-06,11:39:05,200604030394129.00,2975,1,200604037307212.00,200604030103052.00
XXX,EQ,3-Apr-06,11:39:05,200604030394130.00,2975,1,200604037307212.00,200604030105276.00
XXX,EQ,3-Apr-06,11:39:05,200604030394131.00,2975,1,200604037307212.00,200604030106729.00
XXX,EQ,3-Apr-06,11:39:05,200604030394132.00,2975,1,200604037307212.00,200604033451043.00
XXX,EQ,3-Apr-06,11:39:05,200604030394133.00,2975,10,200604037307212.00,200604030149936.00
XXX,EQ,3-Apr-06,11:39:05,200604030394134.00,2975,10,200604037307212.00,200604030151729.00
XXX,EQ,3-Apr-06,11:39:05,200604030394135.00,2975,1,200604037307212.00,200604033555500.00
XXX,EQ,3-Apr-06,11:39:05,200604030394136.00,2975,10,200604037307212.00,200604036987005.00
XXX,EQ,3-Apr-06,11:39:05,200604030394137.00,2975,1,200604037307212.00,200604030246275.00
XXX,EQ,3-Apr-06,11:39:05,200604030394138.00,2975,2,200604037307212.00,200604036993519.00
XXX,EQ,3-Apr-06,11:39:05,200604030394139.00,2975,1,200604037307212.00,200604030260343.00
XXX,EQ,3-Apr-06,11:39:05,200604030394140.00,2975,1,200604037307212.00,200604030264711.00
XXX,EQ,3-Apr-06,11:39:05,200604030394141.00,2975,10,200604037307212.00,200604030274893.00
XXX,EQ,3-Apr-06,11:39:05,200604030394142.00,2975,1,200604037307212.00,200604030277356.00
XXX,EQ,3-Apr-06,11:39:05,200604030394143.00,2975,5,200604037307212.00,200604037036826.00
XXX,EQ,3-Apr-06,11:39:05,200604030394144.00,2975,1,200604037307212.00,200604030284489.00
XXX,EQ,3-Apr-06,11:39:05,200604030394145.00,2975,1,200604037307212.00,200604037055892.00
XXX,EQ,3-Apr-06,11:39:05,200604030394146.00,2975,5,200604037307212.00,200604037063641.00
XXX,EQ,3-Apr-06,11:39:05,200604030394147.00,2975,2,200604037307212.00,200604030306028.00
XXX,EQ,3-Apr-06,11:39:05,200604030394148.00,2975,20,200604037307212.00,200604037089388.00
XXX,EQ,3-Apr-06,11:39:05,200604030394149.00,2975,1,200604037307212.00,200604030325640.00
XXX,EQ,3-Apr-06,11:39:05,200604030394150.00,2975,1,200604037307212.00,200604030336104.00
XXX,EQ,3-Apr-06,11:39:05,200604030394151.00,2975,1,200604037307212.00,200604030361767.00
XXX,EQ,3-Apr-06,11:39:05,200604030394152.00,2975,10,200604037307212.00,200604033738305.00
XXX,EQ,3-Apr-06,11:39:05,200604030394153.00,2975,10,200604037307212.00,200604033744538.00
XXX,EQ,3-Apr-06,11:39:05,200604030394154.00,2975,1,200604037307212.00,200604030385028.00
XXX,EQ,3-Apr-06,11:39:05,200604030394155.00,2975,1,200604037307212.00,200604030399688.00
XXX,EQ,3-Apr-06,11:39:05,200604030394156.00,2975,1,200604037307212.00,200604033572401.00
XXX,EQ,3-Apr-06,11:39:05,200604030394157.00,2975,1,200604037307212.00,200604030460103.00
XXX,EQ,3-Apr-06,11:39:05,200604030394158.00,2975,1,200604037307212.00,200604030477947.00
XXX,EQ,3-Apr-06,11:39:05,200604030394159.00,2975,10,200604037307212.00,200604030476127.00
XXX,EQ,3-Apr-06,11:39:05,200604030394160.00,2975,1,200604037307212.00,200604037306391.00
XXX,EQ,3-Apr-06,11:39:05,200604030394161.00,2975,1,200604037307212.00,200604033555500.00
XXX,EQ,3-Apr-06,11:39:05,200604030394162.00,2975,70,200604037307212.00,200604037089388.00
XXX,EQ,3-Apr-06,11:39:09,200604030394311.00,2975,110,200604037307458.00,200604037089388.00
XXX,EQ,3-Apr-06,11:39:14,200604030394492.00,2975.1,1,200604030483238.00,200604037294047.00
XXX,EQ,3-Apr-06,11:39:14,200604030394493.00,2976.5,50,200604030483238.00,200604037078129.00
XXX,EQ,3-Apr-06,11:39:14,200604030394494.00,2977,2,200604030483238.00,200604033555793.00
XXX,EQ,3-Apr-06,11:39:14,200604030394495.00,2978,97,200604030483238.00,200604030009909.00
XXX,EQ,3-Apr-06,11:39:14,200604030394496.00,2978,25,200604030483238.00,200604030216361.00
XXX,EQ,3-Apr-06,11:39:14,200604030394497.00,2978,2,200604030483238.00,200604037031053.00
XXX,EQ,3-Apr-06,11:39:14,200604030394498.00,2978,23,200604030483238.00,200604030365774.00
XXX,EQ,3-Apr-06,11:39:17,200604030394605.00,2975.05,1,200604030483622.00,200604037308041.00
XXX,EQ,3-Apr-06,11:39:17,200604030394621.00,2978,1,200604030483667.00,200604030365774.00
XXX,EQ,3-Apr-06,11:39:18,200604030394646.00,2978,176,200604030483697.00,200604030365774.00
XXX,EQ,3-Apr-06,11:39:18,200604030394647.00,2978,24,200604030483697.00,200604030433531.00
XXX,EQ,3-Apr-06,11:39:18,200604030394648.00,2977.9,1,200604037308102.00,200604033851809.00
XXX,EQ,3-Apr-06,11:39:18,200604030394649.00,2977.9,1,200604037308104.00,200604033851809.00
XXX,EQ,3-Apr-06,11:39:20,200604030394814.00,2978,1,200604037308247.00,200604030433531.00
XXX,EQ,3-Apr-06,11:39:20,200604030394834.00,2975.05,1,200604030483622.00,200604033852490.00
XXX,EQ,3-Apr-06,11:39:22,200604030394903.00,2978,1,200604033852570.00,200604030433531.00
XXX,EQ,3-Apr-06,11:39:23,200604030394933.00,2978,1,200604030483986.00,200604030433531.00
XXX,EQ,3-Apr-06,11:39:25,200604030394968.00,2975.05,5,200604030483622.00,200604030484076.00
XXX,EQ,3-Apr-06,11:39:27,200604030395071.00,2975.1,1,200604037308552.00,200604037308741.00
XXX,EQ,3-Apr-06,11:39:28,200604030395089.00,2975.1,25,200604037308552.00,200604033852889.00
XXX,EQ,3-Apr-06,11:39:29,200604030395122.00,2978,1,200604030484283.00,200604030433531.00
XXX,EQ,3-Apr-06,11:39:31,200604030395309.00,2978,10,200604030484410.00,200604030433531.00
XXX,EQ,3-Apr-06,11:39:31,200604030395321.00,2978,62,200604030484428.00,200604030433531.00
XXX,EQ,3-Apr-06,11:39:31,200604030395322.00,2978,1,200604030484428.00,200604037306520.00
XXX,EQ,3-Apr-06,11:39:31,200604030395323.00,2978,200,200604030484428.00,200604030365774.00
XXX,EQ,3-Apr-06,11:39:31,200604030395324.00,2978,1,200604030484428.00,200604033852588.00
XXX,EQ,3-Apr-06,11:39:31,200604030395325.00,2978,136,200604030484428.00,200604030365774.00
XXX,EQ,3-Apr-06,11:39:37,200604030395456.00,2975.4,26,200604030483622.00,200604037309358.00
XXX,EQ,3-Apr-06,11:39:38,200604030395494.00,2977,1,200604030484792.00,200604030484554.00
XXX,EQ,3-Apr-06,11:39:38,200604030395495.00,2978,27,200604030484792.00,200604030365774.00
XXX,EQ,3-Apr-06,11:39:41,200604030395645.00,2978,37,200604030484935.00,200604030365774.00
XXX,EQ,3-Apr-06,11:39:41,200604030395646.00,2978,1,200604030484935.00,200604030484648.00
XXX,EQ,3-Apr-06,11:39:41,200604030395647.00,2978,262,200604030484935.00,200604030365774.00
XXX,EQ,3-Apr-06,11:39:41,200604030395651.00,2978,100,200604037309649.00,200604030365774.00
XXX,EQ,3-Apr-06,11:39:44,200604030395762.00,2975.55,1,200604037299408.00,200604037309858.00
XXX,EQ,3-Apr-06,11:39:45,200604030395816.00,2978,1,200604037309933.00,200604030365774.00
